1670 3068
344 100 461 157 226
630 99 685 157 T
727 116 749 156 1
793 117 834 157 T
878 116 901 157 1
1000 102 1045 158 L
1091 117 1113 157 1
1163 116 1206 154 v
1250 116 1273 157 1
1317 115 1340 157 1

136 195 185 237 t
192 207 226 238 ς
237 197 311 247 578
340 177 652 242 sternendas,
683 181 1112 249 marginandasque
1144 182 1288 248 primi
1311 179 1528 230 omniurn
1546 180 1625 232 lo-

137 251 324 305 ss-C.174.
342 265 574 298 caverunt
597 287 612 310 ‚
669 250 938 316 pontesque
983 251 1144 299 multis
1185 252 1306 299 locis
1345 244 1627 300 faciendos:

343 316 397 366 ὃ(
439 333 469 382 9
503 317 693 366 scenam
729 318 835 366 aedil
824 320 946 366 libus
963 317 1361 396 praetoribusque
1404 316 1626 383 praeben-

343 386 497 434 dam:
532 386 585 434 ὃ(
614 403 826 434 carceres
860 388 906 433 in
933 388 1063 435 circo
1088 424 1103 447 ,
1150 388 1198 435 ὃ(
1233 403 1253 433 1
1286 404 1382 435 ova
1405 385 1465 433 ad
1486 400 1627 437 notas

345 454 589 502 curriculis
622 454 942 503 numerandis
954 492 968 515 ,
1007 468 1033 502 2
1073 456 1124 503 &
1167 463 1190 486 *
1221 454 1372 515 dam,
1403 453 1628 505 &metas

341 537 472 571 trans
498 524 520 546 ²*
546 523 597 570 &
620 539 791 572 caveas
819 522 999 572 ferreas
1029 541 1090 590 pe
1110 522 1625 572 *intromitterentur*

341 590 509 639 ferreis
535 605 556 655 3
578 592 626 638 in
646 606 814 640 monte
831 591 1026 641 Albano
1047 590 1352 650 consulibus,
1376 591 1429 639 &
1447 590 1626 640 clivum

343 657 683 724 Capitolinum
716 659 842 708 filice
874 659 1184 709 sternendum
1212 673 1501 708 curaverunt
1525 695 1541 718 ,
1574 658 1627 708 &t

344 746 379 788 4
404 729 646 794 porticum
680 728 739 777 ab
779 729 882 778 aede
920 728 1110 778 Saturni
1147 730 1195 777 in
1232 727 1534 795 Capitolium
1568 725 1628 777 ad

343 816 492 856 alicubi
514 844 534 880 Ξ
567 817 648 857 vias
685 816 784 870 ipsas
827 817 955 857 conti-

345 880 514 919 nebant.

406 952 434 992 9
455 940 648 993 Scenam]
670 939 769 983 Vid.
791 949 880 981 not.
904 951 927 994 3
943 967 957 989 ,

341 1002 397 1044 ad
431 1002 535 1048 XL,
572 1014 648 1052 51.

414 1077 430 1105 ι
460 1065 550 1105 Ova
570 1065 622 1102 ad
647 1077 762 1105 notas
786 1063 958 1104 curricu-

344 1126 396 1166 lis
429 1127 705 1170 numerandis,
740 1126 818 1166 Pro
852 1141 958 1168 voce

346 1202 462 1229 notas
498 1191 681 1229 videmur
712 1189 850 1242 legere
883 1191 957 1229 de-

344 1252 443 1291 bere
464 1265 600 1291 metas.
626 1250 717 1291 Ova
737 1250 841 1290 enim
867 1251 929 1290 illa
944 1282 957 1302 ,

343 1327 368 1354 e
396 1315 506 1368 ligno
532 1313 749 1360 fabricata,
770 1313 958 1367 impone-

342 1377 487 1416 bantur
517 1376 712 1415 columnis
731 1403 743 1420 ,
773 1375 956 1429 aliquan-

342 1438 395 1478 do
409 1438 510 1477 binis
531 1437 768 1491 ,aliquando
792 1451 955 1490 quater-

341 1498 403 1540 nis
423 1528 436 1548 ,
473 1500 521 1539 ad
553 1511 676 1540 metas
706 1499 817 1539 Circi
842 1499 956 1540 statu-

341 1562 410 1605 tis.
439 1561 524 1602 Tot
553 1563 620 1602 illa
660 1574 774 1604 erant
813 1575 956 1602 nume-

341 1638 420 1672 ro,
451 1635 551 1678 quot
599 1624 797 1665 curricula
843 1637 956 1664 erant

339 1687 573 1741 peragenda
595 1699 604 1725 τ
629 1685 792 1737 septena
822 1685 953 1739 proin-

342 1748 394 1788 de
426 1775 438 1794 ‚
491 1761 533 1787 ut
582 1748 791 1801 plurimum
819 1776 832 1792 ‚
881 1761 956 1800 pro

342 1810 514 1862 septeno
558 1809 852 1850 curriculorum
883 1823 957 1848 nu-

341 1886 485 1918 ·mero,
540 1871 606 1926 qui
656 1870 829 1911 solennis
875 1885 957 1909 ma-

342 1932 449 1975 xime
472 1944 575 1974 erat.
602 1932 734 1974 Primo
753 1932 957 1973 curriculo

342 1995 510 2051 peracto
524 2023 534 2043 ,
555 2009 677 2035 unum
695 2009 817 2035 ovum
839 2009 859 2035 e
877 2009 958 2035 me-

345 2059 416 2098 dio
453 2058 676 2098 tollebatur
710 2078 725 2104 ,⁷
779 2056 957 2097 secundo

347 2120 552 2160 curriculo
582 2121 751 2161 alterum
773 2147 786 2164 ,
828 2120 868 2161 ὅ(
905 2118 955 2159 stc

347 2182 397 2223 de
429 2183 608 2236 reliquis.

408 2257 433 2284 2
467 2244 525 2284 Et
563 2247 583 2267 ⁷*
618 2244 735 2288 dam,
767 2242 803 2282 δ’
837 2256 957 2283 metas

344 2318 454 2346 trans
485 2308 506 2331 '⁶
535 2306 552 2359 ]
590 2305 688 2346 Haec
725 2305 864 2358 explet
894 2316 955 2346 ut·

343 2382 516 2422 cumque
552 2367 775 2408 Marcellus
814 2367 957 2407 Dona-

343 2441 409 2470 tus
431 2459 444 2475 ,
476 2430 657 2484 legitque
695 2429 731 2468 ἂ
765 2430 918 2468 rhedam
942 2457 954 2476 ,

346 2492 384 2532 G·
414 2505 536 2532 metas
586 2490 786 2544 tranfitt‘is.
828 2491 957 2530 Nobis

344 2554 568 2595 consultius
613 2554 773 2593 videtur
821 2553 956 2592 locum

344 2614 537 2655 intactum
556 2617 786 2669 relinquere
810 2643 819 2661 ,
839 2629 958 2668 qur-m

342 2677 448 2718 male
505 2690 688 2719 curatum
746 2677 957 2722 exhibere„

1018 816 1132 857 Idem
1160 816 1202 855 ὃ(
1231 816 1270 856 in
1290 817 1335 857 iis
1355 831 1443 871 quae
1463 815 1628 870 sequun-

1019 889 1085 918 tur
1110 877 1263 931 judicat
1286 878 1502 934 legendum
1525 876 1630 927 effe,

1023 939 1060 980 ὃ·
1088 954 1226 979 caveas
1244 939 1399 994 ferreas
1416 968 1427 987 ,
1447 954 1522 994 per
1538 952 1633 994 quas

1023 1002 1379 1042 intromitterentur
1400 1000 1514 1056 feroe.
1561 1001 1630 1043 Sat

1022 1064 1215 1104 feliciter.
1280 1064 1325 1104 In
1376 1061 1631 1105 Circenfibus

1023 1127 1127 1167 enim
1155 1126 1256 1166 ludis
1285 1141 1369 1167 non
1396 1124 1520 1166 solum
1541 1139 1629 1167 cur·

1022 1190 1063 1228 su
1095 1191 1326 1229 certabatur
1344 1216 1358 1233 ‚
1381 1188 1448 1228 sed
1469 1189 1511 1229 &
1529 1187 1630 1228 fera-

1022 1264 1107 1290 rum
1138 1251 1245 1290 inter
1269 1251 1306 1290 se
1325 1278 1336 1296 ‚
1360 1261 1429 1289 aut
1448 1264 1537 1290 cum
1558 1250 1632 1290 be-

1021 1312 1158 1352 stiariis
1191 1327 1333 1366 pugnae
1362 1313 1607 1352 edebantur.

1086 1383 1104 1425 3
1130 1373 1178 1413 In
1197 1387 1326 1413 monte
1355 1373 1518 1413 Albano
1539 1386 1630 1413 con-

1013 1433 1164 1490 sulibus
1189 1441 1202 1487 j
1251 1435 1331 1476 Hic
1381 1435 1632 1490 perspicuum·
1668 1472 1670 1474 .

1022 1497 1078 1538 est
1108 1497 1257 1551 aliquid
1288 1497 1435 1538 deeffe.

1082 1573 1110 1609 4
1132 1559 1334 1599 Porticum
1363 1559 1411 1599 ab
1442 1559 1521 1599 aede
1551 1553 1628 1598 Sa·

1021 1622 1127 1661 turni
1143 1626 1182 1661 in
1202 1622 1439 1676 Capitolium
1458 1615 1629 1678 adserta·
1668 1643 1670 1649 ι

1022 1684 1171 1731 culum,
1197 1699 1242 1723 ac
1255 1681 1374 1739 super
1392 1685 1434 1723 id
1450 1679 1628 1740 curiam}

1022 1746 1138 1785 Forte-
1134 1745 1196 1786 ffe
1234 1746 1449 1800 legendum
1485 1745 1524 1784 in
1559 1744 1628 1783 Ca‘·

1016 1809 1077 1862 pi
1065 1808 1183 1850 zolio.
1216 1808 1308 1848 Fuit
1338 1809 1440 1847 enim
1473 1803 1633 1846 Saturni
1667 1807 1670 1837 ἑ

1021 1870 1128 1909 aedes
1163 1871 1201 1910 in
1241 1871 1349 1909 clivo
1380 1868 1631 1922 Capitolino.
1668 1893 1670 1902 ,

1022 1931 1163 1985 ltaque
1202 1932 1382 1985 porticus
1414 1931 1479 1971 illa
1511 1928 1632 1977 intel-
1669 1974 1670 1983 ἵ

1020 1993 1169 2047 ligetur
1191 1993 1370 2046 porrecta
1391 1992 1437 2031 ab
1459 1993 1536 2032 aede
1557 1986 1628 2030 Sci-
1667 1990 1670 2040 ᾗ

1021 2055 1127 2094 turni
1169 2056 1206 2095 in
1250 2056 1356 2096 clivo
1394 2053 1633 2108 Capitolino
1667 2044 1670 2090 ἰ

1020 2118 1072 2156 ad
1108 2114 1334 2170 senaculum
1369 2145 1382 2165 ,
1428 2122 1542 2171 atqtle
1582 2112 1631 2158 ad

1023 2179 1170 2218 curiam
1195 2194 1281 2233 quae
1303 2178 1357 2218 est
1377 2175 1497 2233 super
1515 2177 1558 2217 id
1574 2171 1631 2223 ses·

1023 2242 1225 2281 naculum.
1248 2240 1367 2282 Poffis
1393 2252 1553 2294 quoque
1573 2237 1632 2278 le-

1023 2318 1118 2359 gere
1141 2300 1414 2357 &senaculum
1441 2316 1453 2341 :
1477 2313 1519 2341 ut
1540 2300 1628 2340 sen-

1023 2365 1085 2405 sus
1127 2363 1171 2404 fit
1217 2365 1416 2417 porticum
1461 2365 1508 2403 ab
1546 2360 1632 2402 aede

1023 2426 1183 2466 Saturni
1212 2429 1251 2466 in
1280 2425 1525 2478 Capitolium
1548 2451 1559 2468 ,
1589 2421 1631 2462 ἰὰ

1023 2489 1076 2529 est
1095 2518 1107 2533 ,
1131 2490 1169 2529 in
1197 2489 1388 2542 templum
1411 2487 1525 2529 Jovis
1551 2482 1633 2524 Ca*-

1021 2550 1181 2604 pitolini
1203 2579 1216 2597 ,
1235 2550 1464 2595 norreuam.
1480 2577 1493 2596 5
1513 2549 1552 2590 &
1569 2546 1631 2586 se·

1022 2616 1207 2652 naculum
1227 2641 1239 2658 ,
1270 2614 1307 2653 ἃ
1347 2612 1498 2651 curiam
1518 2639 1528 2658 ‚
1561 2611 1630 2649 lo·-

1023 2687 1111 2717 cata
1141 2673 1219 2717 effe
1257 2689 1278 2714 a
1311 2674 1543 2714 censoribus
1571 2672 1630 2712 la-
1664 2682 1670 2721 ι
