1670 3068
329 113 442 154 120
605 94 661 153 T
707 115 732 153 1
770 112 817 154 'r
860 114 887 153 1
983 96 1028 153 L
1076 114 1100 152 1
1145 109 1200 149 v
1234 112 1259 150 1
1305 115 1333 152 1
1630 163 1634 168 ⁴

116 193 168 238 U
175 206 235 244 1-5
218 206 305 245 571
320 179 411 226 iter
446 174 512 226 est
541 176 787 243 ingreffus.
822 176 1049 225 Modicus
1083 175 1240 240 primo
1269 176 1436 225 labor'
1425 195 1473 225 m
1495 175 1604 231 imis
1626 215 1632 219 ‘

119 263 158 293 τι.
164 251 210 292 C.
217 250 306 292 181.
325 246 527 294 collibus
559 245 682 305 fuit3
710 247 1016 312 quantumin
1051 243 1352 292 altitudinem
1377 245 1607 311 egredie·⁴
1644 268 1648 275 ·

322 313 538 392 bantur,
572 314 722 379 magis
755 311 999 378 magisque
1035 311 1280 376 sylvestria
1306 349 1319 372 ‚
1353 312 1405 360 δὲ
1437 314 1607 378 plera-·
1643 348 1646 349 ν

323 398 419 447 que
441 383 607 439 invia,
636 382 744 428 loca
772 379 1097 445 excipiebant.
1119 379 1391 428 Pervenere
1422 382 1599 431 deinde
1668 405 1670 407 ·

324 451 375 498 in
407 466 506 497 tarn
541 465 747 512 opacum
783 450 908 505 iter,
943 462 1024 506 ut,
1061 464 1158 512 prae
1190 447 1420 497 densitate
1457 450 1609 499 arbo·-

321 534 429 565 rum
455 514 866 593 immifforumque
889 515 1118 563 aliorum
1108 533 1155 562 m
1176 515 1296 564 alios
1325 534 1568 565 ramorum
1585 555 1601 578 ‚

321 583 729 650 perspicicoelum
750 585 832 631 vix
851 581 1042 649 poffet3
1071 597 1123 631 ut
1142 581 1402 651 verojugis
1423 603 1602 650 appro-
1668 592 1670 642 l

320 653 658 719 pinquabant‚
695 651 828 718 quod
866 668 1023 700 rarum
1063 652 1110 699 in
1156 652 1258 699 aliis
1294 652 1410 700 locis
1443 651 1556 701 esset
1583 691 1600 716 ‚

324 721 454 769 adeo
491 721 655 770 omnia
695 718 916 768 contecia
953 719 1168 778 nebula,
1216 736 1267 768 ut
1303 720 1429 769 haud
1462 721 1597 770 secus

322 806 471 854 quam
516 788 750 836 nociurno
803 790 976 837 itinere
1019 788 1411 853 impedirentur:
1456 791 1608 838 tertio

322 857 523 906 demum
548 857 626 904 die
644 856 703 904 ad
722 858 952 904 verticem
980 872 1286 921 perventum.
1325 855 1457 905 Nihil
1485 858 1602 906 vul-

323 940 446 992 gatae
467 926 688 990 opinioni
703 922 915 1002 degressi
947 925 1059 971 inde
1086 923 1423 973 detraxerunt:
1447 928 1599 992 magis

326 993 476 1044 credo
510 1009 571 1040 ne
601 994 788 1040 vanitas
811 993 991 1040 itineris
1020 991 1226 1040 ludibrio
1260 990 1411 1050 effer,
1452 995 1598 1059 quem

324 1061 462 1128 quod
491 1060 677 1108 diversa
710 1061 833 1108 inter
878 1059 922 1108 ie
953 1062 1100 1107 maria
1130 1097 1144 1119 ‚
1183 1060 1469 1127 montesque
1495 1099 1509 1121 ‚
1538 1062 1599 1110 δε

324 1146 527 1189 amne5‚
555 1145 615 1177 ex
637 1146 734 1177 uno
757 1128 870 1176 loco
892 1128 1102 1193 conspici
1129 1129 1391 1193 potuerint.
1420 1128 1602 1180 Vexati

324 1214 534 1254 omnes,
568 1197 618 1244 &
648 1213 758 1244 ante
790 1197 830 1243 al
837 1198 908 1243 ios
941 1213 1024 1244 rex
1060 1196 1160 1262 ipse
1197 1233 1211 1254 ‚
1264 1213 1362 1261 qio
1406 1201 1600 1264 gravior

322 1279 463 1314 aetate
488 1280 589 1314 erat
611 1302 625 1324 ‚
662 1263 835 1312 difficu!
842 1279 936 1312 tate
964 1266 1054 1312 viae
1081 1263 1163 1313 est.
1196 1263 1398 1312 Duabus
1425 1268 1513 1313 aris
1532 1267 1609 1315 ibi·

319 1333 434 1383 Jovi
470 1333 523 1382 &
557 1332 657 1382 Soli
704 1332 885 1380 szcratis
921 1349 1067 1398 qium
1121 1334 1291 1380 immol
1298 1332 1410 1382 asset
1444 1371 1459 1392 ,
1505 1352 1598 1400 qua

318 1403 482 1451 triduo
516 1400 823 1449 adscendeiat
843 1400 991 1448 hiduo
1018 1399 1083 1449 est
1108 1401 1225 1468 degr
1209 1400 1382 1448 estus·
1371 1400 1597 1468 ,frigora

318 1469 551 1519 noGiurna
579 1469 787 1516 maxime
805 1486 1054 1526 metuens
1090 1487 1195 1533 quae
1219 1468 1343 1517 Cani
1350 1469 1465 1517 culae
1486 1485 1608 1520 ortu*

317 1537 452 1587 slmil
426 1540 484 1586 lla
523 1538 816 1585 brumalibus
845 1553 996 1585 erant.
1042 1537 1211 1584 Multis
1250 1555 1337 1602 per
1374 1554 1459 1586 eos
1496 1539 1621 1588 dies·

318 1605 678 1656 difficultatibus
729 1604 1027 1653 confliciatus
1060 1642 1075 1664 ‚
1121 1605 1272 1653 nihilo
1326 1606 1504 1654 laetiora
1547 1609 1597 1656 in

318 1675 479 1724 castris
509 1675 736 1722 invenit:
767 1673 846 1720 ubi
872 1673 1019 1721 sumn
1002 1692 1051 1720 a
1072 1676 1268 1738 penuria
1289 1689 1391 1722 erat
1415 1712 1428 1734 ‚
1464 1690 1515 1722 ut
1547 1677 1616 1725 in-

315 1745 556 1810 regione,
581 1759 724 1808 quam
758 1741 815 1789 ab
843 1744 977 1789 omni
1000 1760 1081 1806 pa
1088 1757 1134 1790 te
1164 1741 1442 1791 solitudines
1468 1743 1610 1792 clau--

323 1812 512 1861 derent.
568 1809 732 1875 Itaque
774 1827 920 1858 unum
952 1810 1139 1858 tantum
1173 1827 1386 1858 moratus
1426 1811 1593 1891 diem,

318 1881 494 1946 quietis
523 1896 691 1927 eorum
718 1895 858 1925 causa
888 1896 1009 1957 quos
1044 1878 1274 1926 habuerat
1297 1877 1490 1938 secum,
1523 1882 1610 1928 iti--
1668 1925 1670 1930 .

316 1965 435 1996 nere
469 1947 583 1994 inde
630 1945 765 1993 fimili
805 1945 929 2012 fugae
966 1950 1011 1993 in
1054 1946 1407 1995 Danthelethas
1441 1947 1608 1997 transm¹
1667 1975 1670 1987 =

317 2019 475 2066 cur-,rit
510 2014 638 2063 Socii
674 2028 843 2062 erant:
878 2015 957 2063 led
992 2031 1193 2079 propter
1224 2017 1437 2080 inopiam
1471 2016 1598 2065 haud
1668 2011 1670 2015 ’

316 2084 453 2133 secus
487 2083 629 2149 quum
662 2082 864 2130 hostium
898 2082 1018 2130 fines
1050 2083 1353 2131 Macedones
1378 2085 1597 2149 populati

314 2153 455 2201 sunt·
445 2189 459 2211 ‚
497 2150 732 2216 rapiendo
774 2153 899 2198 enim
934 2149 1100 2216 passim
1126 2189 1140 2210 ‚
1176 2152 1312 2198 villas
1353 2154 1596 2217 primum,
1657 2180 1670 2200 ι.

316 2221 427 2269 dein
457 2219 687 2285 quosdam
712 2220 847 2266 vicos
871 2221 1013 2268 etiam
1035 2219 1341 2278 evastarunt‚
1378 2238 1477 2268 non
1497 2219 1594 2270 fine

316 2307 496 2355 magno
532 2287 718 2353 pudore
757 2288 881 2352 regis
915 2325 929 2345 ,
974 2304 1123 2352 quum
1168 2257 1407 2336 socioriim
1446 2306 1594 2338 voces
1655 2296 1670 2355 Ῑξ

319 2357 643 2422 nequicquam
672 2355 791 2402 deos
821 2353 1017 2404 sociales
1042 2372 1321 2421 nomenque
1350 2355 1514 2404 suum
1504 2374 1607 2404 11η--
1656 2355 1670 2393 ¹.

325 2425 572 2491 plorantes
608 2423 811 2471 audiret.
847 2422 1108 2472 Frumento
1137 2424 1248 2472 inde
1281 2423 1467 2474 sublato
1491 2462 1506 2485 ‚
1545 2426 1606 2474 in.
1666 2422 1670 2479 ἦ

312 2520 496 2565 cundus,
519 2519 550 2557 is
579 2531 658 2569 quo
682 2515 818 2555 mansit
846 2530 922 2555 eo·
986 2527 1114 2558 ceret.
1135 2515 1596 2565 Tertio,1ter1nchoa-
1665 2536 1670 2554 ·.

312 2582 403 2620 dem
425 2581 519 2619 loco
552 2578 756 2632 Philippus
776 2577 824 2617 ad
847 2577 921 2617 de—
985 2587 1067 2623 tur.

315 2642 503 2698 figendos
535 2654 636 2696 quos
667 2641 799 2681 secum
845 2639 921 2681 du-

1326 2696 1588 2748 Maedicam
