1670 3068
327 112 738 168 ,LIBER
840 107 1010 167 XL.

13 192 210 244 *neribus
243 191 494 241 hominurn
534 228 549 251 ,
591 189 830 257 causisque
851 227 866 250 ,
899 190 951 239 &
994 189 1248 257 quaestibus
1272 206 1500 299 ,U5.573.

1306 273 1338 301 a.
1383 269 1496 309 ‚1790

23 262 168 312 tribus
198 258 560 326 descripserunt.

1183 115 1286 171 161

44 373 55 391 ,-
86 325 190 375 LII.
215 325 273 375 Et
299 327 416 375 alter
451 343 510 375 ex
543 324 815 375 censoribus
848 323 923 372 M.
953 323 1171 374 AEmilius
1196 343 1290 391 pe·

22 394 93 455 tiit
121 395 178 442 ab
210 393 368 443 senatu
392 431 405 453 ‚
444 409 495 443 ut
520 393 602 441 fibi
641 393 956 441 dedicationis
993 393 1290 457 templorum

22 453 213 527 Reginae
239 460 438 510 Junonis
459 462 509 510 &
525 460 697 509 Dianae
717 498 731 520 ,
768 478 871 526 quae
891 459 1022 508 bello
1041 459 1284 526 Ligustino

22 530 128 576 ante
158 530 290 576 annis
314 528 424 577 06ὶο
456 527 660 577 vovisset
679 566 692 586 ‚
730 529 932 593 pecunia
958 528 1018 575 ad
1041 529 1179 576 ludos
1206 529 1294 576 de-

19 606 307 644 cerneretur.
341 612 372 658 7
409 596 594 662 Viginti
625 596 773 643 millia
805 597 908 643 aeris
938 595 1290 655 decreverunt;

18 661 256 711 dedicavit
293 680 372 711 eas
400 664 525 712 aedes
545 701 560 723 ‚
588 676 838 728 utramque
866 664 914 709 in
946 665 1071 710 circo
1109 663 1293 711 Flami-

19 731 101 791 nio
130 746 141 776 :
191 729 423 796 ludosque
465 730 677 779 scenicos
710 730 920 778 triduum
950 729 1055 795 post
1093 730 1288 779 dedica·

21 798 202 849 tionem
238 798 406 863 templi
438 796 637 847 Junonis
667 834 680 857 ‚
711 797 910 845 biduum
944 796 1048 861 post
1081 795 1253 845 Dianae
1274 835 1290 858 ‚

17 862 75 912 &
111 862 320 930 singulos
346 865 446 914 dies
479 864 594 914 fecit
624 868 670 912 in
697 866 841 912 circo.
876 862 1012 912 Idem
1046 864 1289 915 dedicavit

14 929 171 982 eedem
191 931 218 980 8
239 930 427 980 Larium
445 930 772 981 Permarinfim
792 935 837 979 in
863 929 1057 996 Campo
1080 949 1093 991 ;
1126 950 1288 982 vove·

20 1009 89 1047 rat
109 1015 214 1047 eam
235 1014 265 1064 9
292 1002 425 1048 annis
457 1000 684 1049 undecim
714 1000 824 1048 ante
859 998 915 1048 L.
943 999 1163 1048 AEmilius
1186 1001 1292 1050 Re-

21 1101 351 1158 regionatimque]
387 1104 485 1144 Haec
508 1104 621 1144 vide·

21 1173 83 1204 tur
115 1164 191 1204 effe
211 1158 328 1219 hujus
351 1167 430 1205 loci
460 1166 620 1205 senten-

21 1224 90 1264 tia.
132 1226 240 1265 Ante
279 1227 353 1267 hos
396 1228 583 1267 censores
607 1254 618 1273 ‚

22 1299 158 1327 omnes
186 1288 350 1328 tribules
373 1287 409 1327 in
444 1302 620 1341 unaqua-

22 1361 96 1400 que
118 1349 220 1388 tribu
242 1349 462 1401 promiscue
481 1363 525 1388 ac
543 1348 621 1389 sine

22 1409 100 1448 ulla
148 1409 389 1450 dissinffione
427 1411 540 1450 ibant
582 1411 622 1450 in

22 1467 194 1524 suffragia
215 1499 225 1518 ,
247 1472 298 1511 ita
323 1484 364 1511 ut
392 1486 480 1526 cuju
509 1472 622 1522 sena·

21 1539 110 1570 tore
136 1545 258 1583 eques
287 1560 298 1579 ,
328 1533 450 1572 scriba
477 1561 488 1579 ,
521 1547 620 1585 prae-

22 1604 72 1630 co
89 1623 101 1640 ‚
132 1591 354 1648 suffragium
382 1593 546 1633 ferrent,
564 1594 620 1634 Hi

23 1653 206 1693 censores
242 1655 366 1695 tribus
403 1655 622 1708 descripse—

21 1725 110 1754 runt
142 1716 354 1769 genetibus
384 1716 584 1756 hominum
606 1744 619 1763 ‚

23 1774 140 1816 causas
163 1803 172 1821 ‚
202 1777 241 1816 ὅ(
287 1777 494 1830 quaestibus
531 1791 541 1818 z
581 1778 620 1817 id

23 1835 77 1876 est
97 1868 109 1887 ,
145 1848 342 1890 quotquot
372 1839 408 1877 in
443 1853 623 1890 unaqua-

23 1911 100 1950 que
123 1899 242 1938 tribu.
255 1899 439 1940 senatorii
472 1901 619 1941 ordinis

25 1969 163 2006 erant,
195 1974 214 1997 a
236 1960 381 2000 ceteris
413 1961 621 2013 separave-

23 2029 114 2058 runt
156 2034 170 2067 ;
220 2032 301 2061 tum
343 2049 355 2069 ,
419 2034 620 2076 quotquot

24 2090 136 2120 erant
191 2083 346 2134 equites
391 2082 566 2123 Romani
602 2100 616 2131 ,-

23 2150 104 2180 tum
127 2169 137 2188 ,
170 2144 235 2195 qui
267 2144 398 2184 scribae
419 2171 429 2189 ,
464 2159 621 2198 praeco-

22 2215 93 2242 nes
110 2229 120 2248 ,
145 2205 326 2243 calcearii
351 2205 473 2252 ,lanii
490 2234 500 2254 ,
530 2220 619 2246 cer-

24 2262 148 2302 dones
166 2290 177 2308 ‚
199 2265 279 2305 &a
297 2265 430 2306 forent
451 2280 459 2306 ε
484 2281 532 2307 ex
551 2266 620 2307 sin-

0 2346 1 2355 1
22 2323 122 2380 gulis
146 2325 355 2378 generibus
373 2341 492 2367 unum
509 2330 620 2369 velut

0 2408 1 2417 κ
24 2385 238 2438 collegium
263 2385 482 2428 efficientes
501 2416 511 2434 ,
545 2389 622 2429 sta-

24 2447 260 2502 mentesque
333 2462 413 2501 quo
481 2451 621 2491 ordine

27 2508 335 2560 unumquodque
375 2511 514 2549 horum
554 2525 624 2550 ve-

28 2566 87 2604 lut
117 2569 375 2621 collegiorum
408 2570 464 2610 ire
488 2571 525 2610 in
553 2572 626 2611 suf-

7 2625 191 2703 !fragium
223 2630 404 2673 deberet.
429 2632 627 2687 Apposuit

684 1114 817 1143 autem
846 1102 979 1142 Livius
999 1117 1142 1143 vocem
1161 1104 1293 1159 regio-

685 1165 805 1204 nasim
825 1191 836 1209 ‚
865 1176 908 1203 ut
935 1164 1131 1204 indicaret
1158 1166 1196 1205 in
1224 1167 1300 1206 illa-

687 1225 907 1265 mutatione
934 1225 1128 1266 servatam
1156 1238 1292 1268 tamen

684 1286 882 1340 antiquam
921 1287 1092 1326 tribuum
1125 1288 1293 1328 univer·-

684 1348 809 1388 sarum
854 1348 1160 1400 descriptionem
1195 1378 1208 1395 ‚
1251 1350 1293 1390 in

685 1424 758 1464 qua
784 1409 915 1448 habita
940 1411 1042 1448 ratio
1066 1411 1196 1450 fuerat
1226 1425 1291 1451 re-

685 1472 879 1525 gionum,
913 1470 991 1510 five
1037 1472 1173 1518 urbss,
1209 1472 1290 1514 five

684 1532 783 1586 agri.
820 1531 960 1584 ltaque
997 1532 1122 1571 tribus
1156 1533 1291 1573 distin-

685 1603 858 1646 guuntur
882 1607 899 1630 a
921 1591 1002 1632 sese
1029 1593 1200 1641 invicem
1224 1609 1292 1635 re-

684 1654 868 1708 gionibus
890 1684 899 1702 ,
930 1667 980 1693 ex
1008 1655 1173 1708 antiquo
1207 1671 1290 1696 mo—

684 1729 758 1755 re:
782 1726 820 1754 at
844 1714 1053 1767 portiones
1088 1717 1260 1756 tribuum
1277 1745 1291 1764 ,

685 1791 793 1816 novo
821 1776 899 1814 hoc
923 1775 1101 1816 instituto
1122 1806 1132 1825 ‚
1169 1792 1294 1831 gene-

682 1838 791 1878 ribus
836 1837 1037 1877 hominum
1074 1866 1084 1885 ,
1134 1839 1293 1892 causis,

685 1898 968 1951 quaestibusque
995 1899 1292 1942 describuntur.

686 1957 810 2013 Causa
837 1971 970 1998 autem
1006 1960 1069 1999 hic
1092 1962 1294 2017 accipien-

685 2022 731 2060 da
756 2020 807 2060 est
836 2035 909 2070 pro
933 2022 1047 2062 statu.

745 2096 770 2132 7
811 2082 964 2136 Viginti
999 2084 1128 2124 millia
1166 2085 1285 2138 aris]

685 2143 730 2183 In
760 2155 928 2198 argento
961 2159 1108 2186 marcas
1143 2145 1291 2186 nostra-

683 2215 746 2244 tes
777 2216 824 2256 31
855 2232 865 2251 ‚
899 2206 1032 2245 uncias
1064 2220 1106 2246 2.

747 2265 769 2305 8
803 2264 959 2305 Larium
988 2265 1291 2320 Permarinzfm]

683 2335 737 2376 Hi
757 2335 844 2375 sunt
863 2368 873 2384 ‚
896 2327 992 2377 Oiiu
1016 2327 1292 2386 διαπόντιος,

683 2398 720 2437 id
741 2397 793 2436 est
811 2426 823 2442 ‚
846 2398 896 2436 dii
918 2396 1054 2442 maris,
1078 2398 1138 2434 vei
1171 2395 1295 2434 trans-

686 2458 925 2498 marinorum
968 2458 1151 2498 itinerum
1192 2470 1294 2509 prae·

687 2518 804 2559 fides.

751 2592 775 2631 9
798 2579 926 2619 Annis
957 2578 1130 2617 undecim
1160 2575 1293 2630 ante}

688 2640 735 2683 In
773 2641 847 2683 hac
880 2639 1112 2682 numerandi
1136 2640 1296 2681 ratione
