1670 3068
320 102 439 174 426
592 103 1304 162 2T1T1L1v11

121 186 313 253 Περ-84.
396 179 522 231 XLI.
544 181 786 233 Movebat
809 187 995 251 imperii
1013 183 1230 248 majestas
1257 224 1272 246 ‚
1300 185 1451 253 gloria
1475 185 1562 233 viri
1583 223 1598 246 ‚

124 243 312 285 ‘kb-³3·
328 265 439 298 ante
459 254 621 316 omnja
646 269 757 301 aetas
782 290 796 311 ,
828 254 961 319 quod
990 251 1146 316 major
1177 253 1417 320 sexaginta
1436 256 1599 314 annis,

325 315 559 383 juvenum
589 323 749 368 munia
770 323 818 368 in
851 334 984 385 parte
1006 322 1244 385 praecipua
1269 322 1442 370 laboris
1472 322 1600 386 peri-

332 387 522 453 culique
568 388 853 453 capessebat.
903 385 1216 436 Intervallum
1244 426 1259 446 ,
1307 389 1440 454 quod
1480 391 1603 436 inter

334 469 543 503 cetratos
576 456 623 503 ὃ(
663 471 690 501 2
717 454 979 521 phalanges
1012 470 1115 503 erat
1140 493 1155 515 ‚
1189 456 1409 522 implevit
1439 456 1567 522 legio
1588 493 1604 516 ‚

334 536 480 588 atque
507 522 661 570 aciem
681 519 883 570 hostium
904 525 1170 589 interrupit.
1203 524 1250 571 A
1279 538 1417 591 tergo
1447 538 1605 573 cetra—

334 592 394 637 tis
427 605 526 637 erat
547 627 560 647 .,
595 588 806 638 frontem
832 590 1060 639 adversus
1088 591 1342 656 clypeatos
1374 591 1606 639 habebat:

335 656 624 723 Aglaspides
655 657 1038 723 appellabantur.
1069 657 1338 707 Secundam
1363 659 1608 725 legionem

337 724 396 772 L.
431 723 635 773 Albinus
668 724 922 774 consularis
949 726 1126 776 ducere
1157 728 1385 776 adversus
1426 728 1610 776 Leuca·
1668 734 1670 738 ’

334 791 521 857 spidem
555 793 840 860 phalangem
869 792 1009 856 jussus
1039 812 1050 844 :
1085 811 1141 843 ea
1176 796 1335 844 media
1362 797 1501 851 acies!
1519 794 1611 842 ho-
1668 796 1670 798 ’

336 859 473 908 stium
508 860 611 909 fuit.
657 877 678 925 3
716 860 769 908 In
806 862 1024 910 dextrum
1065 880 1215 911 cornu
1248 900 1264 924 ‚
1314 864 1442 911 unde
1485 863 1620 911 circa*
1667 874 1670 910 i

337 928 540 977 fluvium
574 927 876 977 commissum
906 931 1123 995 praelium
1156 946 1290 990 erat,
1327 930 1610 996 elephantes

338 994 516 1043 inducti
540 1032 555 1054 ,
589 996 640 1044 &
665 997 737 1044 ala
768 994 1022 1046 sociorum.
1051 995 1112 1046 Et
1139 998 1247 1046 hinc
1276 1000 1482 1065 primum
1503 998 1614 1064 fuga

339 1062 673 1113 Macedonum
721 1063 787 1113 est
836 1081 975 1125 orta3
1013 1084 1045 1125 4
1079 1084 1191 1114 nam
1230 1065 1345 1114 ficut
1382 1067 1612 1133 pleraque
1665 1128 1667 1130 Ι

340 1148 474 1180 nova
503 1148 782 1181 commenta
816 1135 1092 1182 mortalium
1133 1136 1181 1182 in
1215 1134 1374 1184 verbis
1399 1135 1499 1183 vim
1530 1134 1615 1181 ha·

338 1198 484 1259 bem,
509 1201 806 1265 experiendo
824 1238 838 1259 ,
866 1219 1013 1267 quum
1035 1204 1109 1269 agi
1132 1239 1146 1262 ‚
1172 1220 1273 1252 non
1296 1200 1616 1270 quemadmo-

339 1266 454 1316 dum
480 1284 678 1334 agantur
709 1266 895 1318 edisseri
922 1285 1154 1335 oportet,
1181 1269 1278 1320 fine
1308 1271 1408 1319 ullo
1445 1268 1618 1319 effeclu

341 1337 670 1396 evanescunt;
699 1338 762 1385 ita
786 1352 888 1385 tum
928 1339 1169 1404 elephanti
1199 1340 1246 1386 in
1285 1341 1387 1387 acie
1429 1354 1614 1387 nomen

340 1405 529 1452 tantum
563 1404 661 1453 sine
689 1405 769 1453 usu
804 1404 1010 1454 fuerunt.
1048 1405 1427 1471 Elephantorum
1460 1409 1618 1472 impe·
1667 1427 1670 1437 .

339 1485 442 1520 tum
466 1471 737 1538 subsequuti
760 1473 861 1521 sunt
882 1472 994 1523 socii
1011 1476 1218 1522 nominis
1241 1474 1430 1533 Latini,
1464 1489 1620 1540 pepu-

338 1539 601 1606 leruntque
627 1542 801 1589 laevum
821 1560 987 1591 cornu.
1006 1541 1061 1590 In
1082 1543 1246 1590 medio
1268 1541 1475 1591 secunda
1490 1541 1619 1607 legio
1664 1534 1670 1590 i

135 1603 552 1658 Fuganturimmissa
584 1607 822 1674 dissipavit
852 1610 1157 1676 phalangem.
1196 1608 1369 1676 Neque
1390 1611 1486 1659 ulla
1513 1609 1622 1657 evi·
1664 1621 1670 1673 l·

136 1663 333 1704 M⁰⁶⁶d⁰·
350 1677 543 1725 dentior
575 1677 712 1725 causa
742 1676 951 1726 vifioriae
979 1677 1066 1726 fuit
1086 1715 1100 1737 ,
1131 1677 1276 1743 quam
1315 1677 1445 1744 quod
1476 1675 1622 1725 multa
1664 1694 1670 1708 ⁹

137 1738 222 1768 ⁷²³⁵·
348 1743 517 1811 paffim
539 1746 699 1810 praelia
722 1761 855 1794 erant
877 1784 891 1804 ,
919 1764 1024 1812 quae
1052 1745 1359 1794 {lueiuantem
1376 1744 1623 1793 turbarunt

346 1813 507 1880 primo
530 1812 750 1871 ,deinde
790 1812 1085 1876 disjecerunt
1128 1813 1454 1880 phalangem:
1491 1809 1624 1876 cuius

345 1879 580 1930 confertae
611 1881 664 1929 &
700 1883 894 1930 intentis
934 1882 1171 1930 horrentis
1211 1880 1349 1930 hastis
1385 1880 1624 1928 intolera-

344 1947 467 1998 biles
501 1950 629 1998 vires
666 1948 813 2008 sunt3
871 1948 905 1998 fi
941 1950 1144 2016 carptim
1182 1949 1511 2017 aggrediendo
1543 1948 1627 2015 cir-3

410 2035 810 2093 2Pbalarzges]Duae
826 2047 956 2084 erant,
1079 2049 1110 2087 4
1142 2037 1248 2077 Nam
1267 2037 1370 2090 ficut
1393 2037 1579 2090 pleraque
1603 2033 1622 2088 ]

345 2109 392 2139 ut
416 2099 530 2151 supra
557 2099 895 2145 memoravimus,
918 2099 964 2144 in,
1020 2099 1079 2140 Ut
1108 2100 1299 2152 pleraque
1331 2112 1436 2138 nova
1465 2098 1625 2137 inventa

346 2161 533 2200 exercitu
559 2159 692 2200 Persei
711 2161 956 2215 phalanges;
1020 2161 1247 2200 mortalium
1279 2159 1357 2199 vim
1389 2160 1540 2199 habere
1571 2157 1624 2197 vi-

346 2236 435 2275 quae
472 2221 513 2261 ὅ(
542 2235 636 2261 mox
675 2236 695 2260 a
738 2222 851 2261 Livio
887 2237 959 2275 ap·
1023 2222 1169 2261 dentur
1202 2249 1213 2269 ,
1261 2221 1446 2275 quamdiu
1490 2218 1624 2260 verbis

345 2284 577 2336 pellantur,
618 2282 851 2337 Aglaspides
895 2283 956 2323 ni·
1020 2282 1536 2336 tantummodojaRantun
1559 2280 1623 2321 sed

346 2344 487 2385 mirum
508 2345 548 2385 ὅ(
566 2343 849 2397 Leucaspides.
1021 2344 1086 2384 ubi
1106 2345 1153 2384 ad
1183 2359 1267 2385 rem
1288 2355 1452 2384 ventum
1472 2372 1483 2390 ,
1506 2356 1623 2397 quum

411 2417 431 2459 3
469 2405 518 2446 In
553 2407 728 2446 dextrum
764 2421 955 2446 cornum.
1022 2417 1188 2459 oportet
1218 2405 1280 2460 agi
1310 2433 1321 2453 ,
1361 2419 1442 2445 non
1472 2403 1624 2445 edisseri
1669 2414 1670 2438 l

348 2468 572 2522 elephantes
584 2465 745 2520 induffi]
762 2467 955 2521 Elephan·
1022 2465 1145 2507 solum
1164 2467 1368 2522 quomodo
1389 2466 1433 2507 iis
1452 2465 1623 2506 inventis

347 2538 410 2569 tes
439 2528 586 2568 induffi
612 2530 651 2568 in
683 2543 769 2568 earn
801 2540 956 2583 partem
1021 2540 1208 2575 utamur,
1244 2528 1324 2568 fine
1363 2529 1447 2570 ullo
1480 2525 1625 2568 effestu'

349 2589 425 2642 qua
471 2590 654 2630 dextrum
701 2601 786 2631 erat
829 2604 957 2632 cornu
1021 2591 1320 2632 evanescunt...

348 2650 639 2694 Romanorum.
