1670 3068
332 104 613 160 LIBE
665 116 706 158 R
792 96 1156 156 XXXIX.
1293 115 1376 183 77-

89 183 164 234 dia
205 182 407 252 pristinae
443 179 699 245 majestatis
741 180 918 228 collata
953 176 1171 243 praesenti
1207 175 1369 224 fortu-
1387 188 1577 239 U‚c,569,

85 271 186 312 nae,
219 253 338 301 alios
362 250 635 300 recordatio
658 250 926 315 ingentium
951 246 1234 294 meritorum
1258 262 1365 292 mo-
1386 245 1576 299 a.C.185.

87 335 190 368 tura
239 318 389 379 esset,
432 316 601 384 procul
645 319 692 365 in
737 312 995 380 conspectu
1031 329 1143 361 eum
1187 309 1371 360 statue-

85 405 229 437 runt:
267 387 441 436 deinde
493 386 667 451 raptim
708 400 767 432 ex
803 384 952 432 oculis
992 380 1248 428 hominum
1278 380 1370 425 ab-

87 454 347 505 straxerunt
372 493 386 515 ‚
428 471 637 520 praetore
680 451 948 500 Dinocrate
991 449 1184 497 dicente
1211 483 1225 506 ,
1275 444 1371 495 esse

87 541 192 589 quae
225 525 513 590 pertinentia
549 522 609 569 ad
645 519 875 568 summam
914 517 1029 566 belii
1072 513 1370 581 percunctari

87 607 200 640 eum
237 591 533 658 magistratus
567 589 767 638 vellent.
814 586 932 635 Inde
972 583 1177 633 abdufto
1220 599 1282 631 eo
1319 584 1369 630 in

87 662 290 718 curiam,
318 662 370 707 &
403 659 564 705 senatu
601 670 781 704 vocato
802 693 816 716 ‚
840 652 1094 702 consultari
1131 664 1366 716 coeptum.

155 726 209 776 L.
239 727 341 776 Jam
364 723 798 789 invesperascebat‚
825 722 874 770 δέ
904 739 1001 769 non
1041 720 1195 768 modo
1222 734 1364 767 cete-
1421 717 1469 759 In
1490 717 1581 772 sub·

87 813 170 854 ra,
201 794 282 844 sed
313 810 372 842 ne
409 796 454 840 in
502 793 773 857 proximam
813 789 1012 856 quidem
1051 786 1241 835 noctem
1283 785 1362 834 ubi
1392 792 1497 822 terra

86 862 192 912 satis
237 863 343 910 tuto
386 858 701 909 custodiretur
733 896 747 919 ‚
786 858 1130 924 expediebant.
1178 844 1580 903 Obstu-”Wms's‘

88 945 291 996 puerant
330 928 390 976 ad
428 927 806 994 magnitudinem
843 924 1045 992 pristinae
1079 921 1180 987 ejus
1217 904 1578 974 forta-[³5²².‘³‘·'‘

87 1015 160 1045 nae
187 995 466 1061 virtutisque
490 1014 500 1043 z
524 997 576 1043 ὃ(
605 1012 761 1060 neque
798 993 884 1060 ipsi
916 994 1118 1041 domum
1151 993 1368 1058 recipere
1384 980 1569 1008 'numm'

87 1063 455 1114 custodiendum
488 1063 763 1122 audebant,
798 1079 886 1111 nec
919 1064 1139 1126 cuiquam
1167 1061 1251 1109 uni
1284 1077 1374 1108 cu-

89 1131 294 1182 stodiam
325 1131 426 1197 ejus
463 1130 569 1181 satis
600 1131 879 1179 credebant.
914 1130 1204 1178 Admonent
1236 1128 1375 1177 dein-

86 1201 148 1249 de
186 1201 412 1267 quidam,
446 1198 537 1249 effe
573 1199 842 1248 thesaurum
876 1199 1124 1264 publicum
1155 1196 1238 1245 sub
1272 1210 1376 1245 ter-

84 1287 135 1317 ra
159 1305 174 1329 ,
209 1269 320 1318 saxo
360 1268 591 1335 quadrato
632 1267 817 1334 septum
849 1284 864 1326 3
897 1268 956 1316 eb
987 1266 1171 1315 vincius
1208 1265 1377 1313 dimit-

86 1339 231 1397 titur,
261 1339 313 1386 &
351 1354 369 1384 1
412 1336 574 1384 saxum
602 1339 768 1403 ingens
794 1374 807 1396 ,
848 1352 945 1401 quo
983 1337 1198 1400 operitur
1223 1372 1238 1392 ,
1269 1351 1375 1382 ma-

87 1405 225 1452 china
252 1404 667 1471 superimpositum
691 1403 757 1453 est
782 1423 795 1462 3
819 1406 881 1452 ita
903 1405 1015 1452 loco
1042 1404 1201 1468 poti-‘us
1223 1401 1372 1468 quam

85 1472 268 1521 homini
324 1476 546 1539 cuiquam
599 1473 895 1522 credendam
934 1470 1201 1519 custodiam
1249 1473 1371 1530 rati,

88 1541 248 1589 lucem
305 1541 631 1606 insequentem
697 1539 1110 1605 exspectaverunt.
1171 1537 1371 1587 Postero

86 1608 162 1657 die
189 1625 215 1655 2
251 1609 510 1681 multitudo
536 1610 732 1674 quidem
755 1610 939 1674 integra
959 1646 971 1667 ‚
995 1624 1185 1655 memor
1213 1604 1372 1671 pristi-

86 1694 255 1725 norum
287 1693 387 1740 ejus
431 1679 479 1725 in
520 1679 765 1725 civitatem
804 1679 1087 1724 meritorum
1112 1713 1126 1735 ,
1155 1692 1370 1740 parcen-

86 1745 231 1805 dum,
255 1762 308 1792 ac
341 1762 426 1810 per
461 1762 571 1793 eum
600 1746 817 1793 remedia
850 1743 1107 1811 quaerenda
1137 1742 1229 1791 esse
1251 1761 1372 1808 prae-

85 1811 284 1861 sentium
331 1812 568 1862 malorum
594 1850 612 1871 ,
650 1813 875 1862 censebat
910 1832 920 1862 ε
962 1811 1245 1861 defectionis
1280 1830 1370 1859 au-

82 1880 234 1930 &ores
261 1919 273 1940 ‚
309 1899 515 1946 quorum
547 1883 596 1929 in
638 1899 783 1930 manu
835 1881 1099 1948 respublica
1139 1878 1277 1939 eran,
1317 1882 1366 1928 in

80 1948 265 1998 secreto
316 1950 673 2007 consultantes,
711 1947 883 1998 ornnes
934 1950 994 1997 ad
1047 1967 1221 1998 necem
1261 1947 1368 2011 ejus

81 2017 443 2067 consentiebant
471 2037 481 2066 :
506 2018 586 2066 sed
610 2021 765 2066 utrum
808 2034 1100 2066 maturarent
1122 2056 1135 2077 ,
1174 2036 1234 2065 an
1266 2016 1364 2065 dif-

81 2083 260 2134 ferrent
281 2123 296 2145 ,
328 2086 672 2153 ambigebatur.
706 2087 837 2135 Vicit
871 2105 979 2153 pars
1017 2087 1206 2134 avidior
1252 2105 1362 2152 poe·
1410 2077 1574 2148 Veneno

83 2171 186 2214 nae,
220 2152 467 2221 missusque
518 2156 600 2221 qui
641 2172 889 2206 venenum
934 2156 1095 2204 ferret.
1135 2154 1361 2221 Accepto
1379 2141 1556 2185 ‘mmm

150 2290 165 2318 1
207 2277 353 2318 Saxam
391 2279 523 2335 ingens
551 2308 561 2329 ,
616 2296 688 2335 quo
819 2294 843 2320 2
875 2281 1152 2322 Multitudo...
1179 2281 1364 2335 integra]

81 2339 299 2393 operitur]
333 2341 481 2381 Saxum
515 2343 654 2396 ingens
676 2371 687 2390 ,
755 2342 869 2382 Sanae
913 2345 1056 2383 mentis
1085 2375 1095 2392 ,
1147 2358 1226 2383 non
1278 2358 1369 2383 cor-

80 2416 160 2454 quo
196 2402 346 2455 tegitur
379 2404 585 2443 thesaurus
622 2404 689 2444 ille
753 2414 871 2457 rupta
917 2406 1171 2446 faffionibus.
1222 2405 1288 2444 Sic
1337 2406 1368 2445 l.

81 2462 361 2502 subterraneus
385 2491 395 2510 ,
445 2465 689 2519 superimpo-
755 2467 815 2506 IX
836 2495 846 2514 ,
880 2481 916 2506 c.
942 2466 999 2516 46
1020 2495 1031 2514 ,
1066 2472 1217 2522 integer
1243 2481 1369 2520 popu·
1395 2503 1397 2506 .

79 2523 191 2563 situm
221 2523 274 2563 est
308 2538 385 2578 ope
419 2527 610 2566 machinae
642 2528 691 2567 ad
755 2529 815 2567 Ius
836 2557 846 2576 ,
869 2526 1013 2580 fautor
1055 2529 1090 2568 G·
1135 2528 1268 2570 cultor
1303 2528 1370 2569 bo·

82 2599 241 2639 mignas
292 2587 515 2637 ponderum
562 2590 690 2631 moles
755 2604 905 2631 norum.

81 2647 280 2691 tenendas
311 2661 432 2700 aptae.

964 2707 1016 2758 D
1054 2708 1100 2775 ᾗ]
