1670 3068
346 130 706 188 LIBER
806 127 1015 184 XLl'.
1193 147 1298 205 199

33 211 309 262 traditionem
356 211 529 276 imperii
555 247 572 270 ,
624 211 955 273 novitatemque
986 201 1247 270 fitcceſjbris
1284 221 1515 278 ‚Ut-,5754

36 298 127 346 quae
152 277 384 342 noscendis
405 279 539 343 priz‘cs
563 279 695 342 qua'm
724 279 911 344 agendis
944 277 1069 322 rebus
1101 278 1299 323 imbuen-
1319 279 1514 331 εὶ,(3.176..Υ

34 350 91 396 da
109 347 172 415 sl)
190 384 206 404 ‚
232 344 349 412 soepe
379 347 482 392 hene
511 347 705 412 gerendae
746 347 805 392 rei
833 344 1087 406 occafiones
1123 346 1307 391 interci«

31 417 135 464 dere.
175 412 378 461 Probata
409 412 596 479 Popillii
630 412 869 461 excusatio
906 412 990 460 est.
1024 410 1072 459 P.
1097 410 1310 459 Licinius>

31 479 213 533 Craffus
250 479 483 529 sacrificiis
521 481 566 530 se
600 481 826 547 impediri
851 479 1125 528 solennibus
1157 496 1303 527 excu-

30 550 155 599 sabat
176 587 191 608 ‚
227 565 287 597 ne
316 551 363 597 in
388 550 692 616 provinciam
718 551 823 597 iret.
871 546 1085 596 Citerior
1118 546 1304 613 Hispa-

31 620 102 666 nia
138 617 423 666 obvenerat.
473 615 708 666 Ceterum
746 632 824 664 ant
861 617 929 664 ire
971 613 1115 677 jussus
1151 653 1166 676 ‚
1223 629 1309 664 aut*

27 684 176 751 jurare
212 703 301 750 pro
331 684 599 744 concione,
629 683 813 732 solenni
838 681 1066 731 sacrificio
1099 682 1145 732 se
1181 700 1303 748 pro-

29 753 192 801 hiberi.
224 752 279 800 Id
314 753 394 800 ubi
418 755 465 800 in
487 751 540 801 P.
559 751 742 800 Licinio
770 755 832 801 ita
864 749 1087 799 statutum
1121 750 1187 799 est
1209 788 1222 810 ‚
1251 751 1304 798 δὲ

29 822 86 870 ab
112 819 155 869 se
188 822 255 868 uti
290 818 619 884 jusjurandum
646 821 922 885 acciperent
948 818 1020 867 M.
1044 817 1302 867 Cornelius

31 886 313 954 postulavit,
356 905 417 937 ne
461 890 511 936 in
552 888 832 954 Hispaniam
872 888 1152 935 ulteriorem
1194 889 1308 936 iret·

29 955 256 1005 Praetores
279 957 425 1005 ambo
448 957 493 1004 in
519 957 693 1005 eadem
723 958 875 1004 verba
904 973 937 1016 4
963 953 1300 1019 jurejurarunt.

27 1023 99 1074 M
116 1021 322 1072 Titinius
341 1026 391 1073 &
411 1022 474 1072 Τ.
496 1023 728 1072 Fonteius
754 1061 768 1084 ‚
804 1022 1120 1090 proconsules
1146 1060 1160 1082 ,
1197 1041 1304 1070 ma·

27 1098 137 1141 nere
162 1110 272 1140 cum
293 1093 472 1140 eodem
493 1094 682 1158 imperii
714 1090 816 1155 jure
835 1094 880 1139 in
902 1090 1131 1156 Hispania
1165 1087 1302 1153 juffi:

27 1158 157 1209 &‘ut
195 1162 243 1208 in
274 1159 666 1227 supplementum
699 1160 770 1208 his
809 1162 898 1208 tria
934 1160 1077 1207 millia
1119 1159 1307 1207 civium-

25 1224 356 1276 Romanorum
381 1266 395 1288 ‚
428 1246 538 1277 cum
574 1229 810 1293 equitibus
848 1228 1066 1276 ducentis
1096 1262 1111 1285 ‚
1160 1229 1302 1292 quin—

23 1305 117 1361 que
143 1297 290 1344 millia
321 1296 501 1344 socium
536 1296 695 1345 Latini
733 1297 976 1356 nominis,
1007 1295 1060 1344 ὃ(
1094 1297 1307 1343 trecenti

26 1365 209 1429 equites
242 1366 562 1414 mitterentur.

90 1431 230 1480 XVI.
276 1432 455 1481 Latinae
494 1432 626 1481 feriae
646 1430 781 1481 fuere
807 1445 919 1481 ante
942 1431 1072 1480 diem
1103 1432 1307 1479 tertium

24 1496 193 1548 Nonas
210 1499 329 1548 Maii
351 1538 366 1560 ,
395 1503 443 1548 in
467 1501 636 1567 quibus
661 1538 674 1559 ‚
712 1501 822 1565 quia
846 1503 891 1548 in
917 1517 1008 1547 una
1029 1497 1180 1548 hostia
1202 1517 1305 1546 rna-

25 1565 238 1634 gistratus
263 1568 539 1616 Lanuvinus
561 1584 781 1635 precatus
801 1586 903 1635 non
939 1581 1041 1616 erat
1065 1605 1080 1628 ,
1116 1567 1311 1632 Populo

23 1637 228 1684 Romano
271 1638 518 1700 Quiritium
540 1675 558 1695 ,
604 1636 823 1702 religioni
850 1635 955 1685 fuit.
981 1634 1037 1683 Id
1068 1651 1217 1701 quum
1241 1634 1303 1683 ad

22 1702 236 1753 senatum
264 1706 466 1752 relatum
500 1703 613 1753 effet
638 1740 655 1760 ,
689 1703 968 1770 senatusque
1000 1703 1061 1751 ad
1097 1702 1304 1769 pontifi-

22 1787 128 1818 cum
161 1773 420 1839 collegium
458 1770 692 1836 rejeciffet
731 1789 746 1831 3
795 1770 1103 1838 pontificibus
1136 1808 1151 1830 ‚
1191 1773 1301 1836 quia

25 1855 123 1887 non
157 1840 285 1889 recle
325 1839 456 1889 fattae
486 1840 666 1888 Latinae
699 1837 879 1900 client,
915 1839 1176 1888 instauratis
1201 1838 1300 1886 La-

19 1907 154 1969 tinis,
181 1909 359 1974 placuit
376 1908 656 1957 Lanuvinos
674 1945 691 1967 ,
713 1925 921 1973 quorum
949 1907 1100 1974 opera
1123 1907 1301 1955 instati-

24 1988 134 2022 ratae
167 1975 314 2026 effent
345 2014 361 2038 ‚
409 1974 585 2025 hostias
628 1979 863 2042 praebere.
914 1974 1191 2025 Accefferat
1233 1976 1294 2023 ad

25 2043 345 2110 religionem,
390 2045 523 2111 quod
565 2042 659 2094 Cn.
716 2043 977 2094 Cornelius
1020 2043 1183 2093 consul
1236 2061 1295 2093 ex
1365 2059 1510 2096 Come-

24 2126 190 2175 monte
208 2111 402 2161 Albano
424 2114 614 2162 rediens
638 2114 875 2162 concidit:
907 2115 961 2162 ὅτ.
984 2129 1118 2178 parte
1139 2129 1293 2160 mem-
1313 2120 1359 2161 lii
1388 2115 1486 2170 Cos.-

23 2175 216 2228 brorum
245 2195 410 2247 captus
427 2218 442 2240 ‚
468 2181 527 2229 ad
552 2181 717 2246 Aquas
738 2180 984 2230 Cumanas
1022 2181 1264 2248 profestus
1281 2219 1295 2240 ,
1314 2195 1428 2223 mor&

25 2245 381 2313 ingravescente
401 2250 577 2299 morbo
599 2248 768 2298 Cumis
800 2249 1013 2298 deceffit.
1053 2251 1149 2300 Sed
1184 2250 1296 2299 inde

23 2329 238 2380 mortuus
263 2315 475 2366 Romam
507 2318 706 2378 allatus;
756 2319 808 2367 ὃς
839 2317 1006 2368 funere
1035 2319 1295 2387 magnifico

81 2439 109 2477 4
125 2426 422 2483 Jurejurarum]
443 2431 625 2474 Verbum
690 2431 784 2471 loco
814 2431 1026 2472 deformati
1053 2433 1235 2473 miserum
1256 2434 1295 2473 in

22 2499 149 2528 rarum
176 2491 411 2539 admodum,
438 2491 479 2533 δ(
512 2492 624 2547 cujus
689 2493 849 2534 modum
877 2494 966 2534 libri
1007 2495 1087 2534 hoc
1128 2496 1294 2534 verbum

24 2547 126 2588 haud
158 2552 261 2591 aliud
297 2552 457 2592 fortasse
488 2567 626 2593 exem·
689 2555 784 2596 alias
838 2555 1084 2609 incognitum
1133 2556 1172 2596 in
1223 2557 1299 2596 lin-

26 2610 130 2660 plum
148 2613 285 2654 exstet.
304 2614 363 2654 Ac
383 2615 550 2654 dubita-ri
572 2615 624 2654 sa·
690 2630 805 2670 guam
824 2616 1005 2657 Latinam
1024 2616 1141 2659 facile
1160 2617 1313 2660 admin-

23 2669 73 2710 nc
93 2674 241 2725 potest,
277 2690 324 2716 au
348 2691 395 2717 ex
427 2677 504 2717 hoe
544 2691 625 2718 uno
690 2678 854 2719 tendum
885 2677 941 2717 sit.

915 2735 944 2784 Ι.
972 2738 1025 2787 iv
