1670 3068
108 438 299 491 U.c.570.

108 495 286 536 QUIS).

111 551 194 592 Cn.
214 527 302 593 Baess

107 614 177 654 bio
195 642 206 661 ,
240 614 284 653 L.

107 673 275 716 AEmilio

109 736 223 778 Coss.

173 797 279 838 Pro-

109 858 262 903 vinciae.

322 81 399 142 88
607 83 882 143 ΤῙΤΙ
974 85 1313 142 LIVII

1236 187 1376 202 nae-²21.
1427 190 1430 191 ⁷
1532 189 1550 202 f
1599 179 1605 182 ”

638 266 1020 360 LiBER
1111 303 1281 361 XL.

318 410 803 498 LPRINcn’io
859 449 1152 517 insequentis
1221 452 1333 500 anni
1388 449 1609 499 consules

318 517 643 583 praetoresque
689 517 838 565 sortiti
891 521 1162 584 provincias
1199 518 1303 568 sunt
1340 534 1354 575 3
1395 518 1605 567 consuli*-

319 584 406 631 bus
457 585 623 645 nulla,
662 601 833 650 praeter
874 586 1110 653 Ligures,
1165 603 1269 652 quae
1311 585 1606 635 decernere-

317 664 426 710 tur,
453 667 572 702 erat.
609 652 876 703 Jurisdifflo
914 656 1093 703 urbana
1123 654 1200 703 Μ.
1222 653 1443 719 Ogulnio
1477 653 1604 703 Gal-

318 719 403 780 lo,
435 721 562 769 inter
597 726 878 788 peregrinos
912 722 985 772 M.
1021 723 1222 773 Valerio
1258 724 1424 772 evenit
1445 760 1460 782 ,
1493 719 1608 770 His-

318 789 570 854 paniarum
601 789 671 855 Q.
701 791 873 840 Fulvio
897 791 1074 839 Flacco
1108 793 1328 851 citerior,
1365 788 1417 839 P.
1456 789 1607 838 Man-

318 857 386 906 lio
409 858 633 918 ulterior,
655 857 709 906 L.
736 857 938 909 Caecilio
971 858 1151 909 Dentri
1181 858 1338 909 Sicilia
1356 896 1370 918 ‚
1405 855 1467 908 C.
1494 856 1611 907 Te-

319 927 481 975 rentio
513 925 636 975 Istrae
659 926 891 975 Sardinia.
913 926 1153 977 Consules
1185 926 1395 976 dele&us
1426 926 1606 976 habere

319 990 443 1059 jussi.
474 992 548 1059 Q.
579 995 752 1043 Fabius
779 1012 840 1044 ex
861 996 1114 1064 Liguribus
1143 995 1414 1061 scripserat,
1436 996 1609 1060 Apua-

320 1079 415 1111 nos
468 1064 530 1112 ad
576 1064 893 1113 rebellionem
946 1064 1155 1130 spe&are
1177 1103 1191 1124 ,
1243 1062 1608 1130 periculumque

321 1129 416 1180 effe
443 1169 457 1191 ,
493 1148 555 1180 ne
582 1134 821 1197 impetum
842 1135 891 1181 in
929 1151 1095 1200 agrum
1128 1131 1347 1182 Pisanum
1377 1130 1608 1181 facerent.

322 1197 383 1247 Et
413 1216 473 1248 ex
503 1200 777 1266 Hispaniis,
815 1203 1089 1250 citeriorem
1129 1203 1177 1248 in
1216 1202 1357 1250 armis
1391 1197 1518 1260 effe,
1556 1199 1608 1248 ἃ

323 1285 435 1316 curn
465 1266 727 1318 Celtiberis
762 1269 932 1318 bellari
966 1270 1178 1318 sciebant
1217 1286 1228 1316 :
1260 1273 1305 1316 in
1338 1268 1604 1327 ulteriore,

325 1338 437 1403 quia
485 1337 565 1386 diu
617 1355 742 1405 aeger
780 1354 959 1403 praetor
999 1337 1149 1398 esset,
1187 1336 1373 1385 luxuria
1412 1336 1464 1385 ὃ(
1503 1337 1610 1385 otio

319 1405 528 1455 solutam
563 1406 858 1472 disciplinam
891 1405 1148 1456 militarem
1183 1404 1292 1455 esse.
1321 1404 1410 1454 Ob
1432 1421 1490 1454 ea
1513 1422 1611 1453 no-

322 1492 415 1524 vos
453 1477 690 1524 exercitus
739 1473 974 1523 conscribi
1021 1476 1201 1541 placuit
1236 1491 1248 1521 ε
1287 1488 1494 1540 quatuor
1535 1473 1610 1522 le·-

322 1544 493 1610 giones
523 1545 570 1592 in
597 1542 823 1609 Ligures,
861 1544 929 1591 uti
962 1539 1152 1610 fingulae
1189 1544 1332 1607 quina
1367 1541 1512 1590 millia
1553 1540 1607 1590 &
1652 1562 1660 1567 ·

321 1612 537 1660 ducenos
578 1612 764 1680 pedites
786 1649 800 1671 ,
835 1627 1062 1662 trecenos
1107 1610 1341 1660 haberent
1373 1611 1560 1676 equites
1595 1625 1607 1657 :

321 1679 562 1728 sociorum
628 1679 799 1729 iisdem
854 1679 1011 1729 Latini
1065 1680 1276 1728 nominis
1329 1678 1609 1745 quindecim

325 1749 474 1797 millia
508 1748 729 1814 peditum
770 1747 968 1807 addita,
1013 1747 1066 1796 &
1106 1747 1372 1812 05'tingenti
1407 1748 1612 1813 equi-tes.

325 1816 392 1865 Hi
430 1816 529 1866 duo
569 1816 839 1866 consulares
891 1818 1125 1866 exercitus
1165 1814 1331 1864 essent.
1387 1814 1609 1865 Scribere

323 1898 557 1951 praeterea
585 1884 688 1950 juffi
718 1883 904 1952 septem
939 1885 1086 1934 millia
1111 1884 1333 1951 peditum
1369 1883 1610 1934 sociorum

321 1971 379 2002 ac
418 1953 577 2002 Latini
606 1956 854 2014 nominiS,
884 1954 936 2002 &
976 1952 1231 2002 sexcentos
1270 1954 1456 2018 equites
1491 1990 1506 2012 ,
1558 1952 1611 2001 &

321 2023 518 2071 mittere
557 2023 618 2072 ad
642 2022 715 2072 M.
740 2022 1031 2072 Marcellum
1066 2024 1113 2070 in
1152 2020 1361 2071 Galliam
1385 2059 1400 2082 ‚
1436 2023 1509 2070 cui
1548 2036 1610 2069 ex
1666 2029 1670 2034 '

323 2090 572 2140 consulatu
606 2105 928 2159 prorogatum
961 2092 1219 2156 imperium
1262 2104 1378 2139 erat.
1410 2087 1466 2138 In
1501 2088 1612 2138 His·

322 2160 516 2226 paniam
545 2161 691 2209 etiam
721 2176 973 2226 utramque
1004 2177 1110 2226 quae
1140 2159 1456 2219 ducerentur,
1483 2176 1610 2225 qua-

322 2243 433 2276 tuor
466 2229 619 2278 millia
644 2228 892 2294 peditum,
924 2229 1108 2276 civium
1141 2226 1478 2275 Romanorum
1499 2263 1514 2286 ‚
1553 2226 1608 2274 &

320 2295 518 2346 ducenti
558 2298 746 2364 equites
781 2335 795 2357 ,
845 2298 897 2345 &
945 2295 1184 2344 sociorum
1223 2295 1409 2362 septem
1463 2294 1611 2344 millia

321 2365 542 2430 pediturn
567 2402 581 2426 ,
611 2383 722 2414 cum
762 2366 989 2414 trecentis
1032 2364 1303 2429 equitibus,
1336 2361 1473 2412 scribi
1515 2361 1610 2427 jus-

322 2433 404 2492 sa3
429 2433 480 2482 &
509 2432 578 2498 Q.
606 2433 759 2483 Fabio
785 2432 1002 2482 Labeoni
1032 2450 1141 2480 cum
1171 2433 1382 2482 exercitu
1403 2469 1418 2492 ,
1460 2448 1609 2498 quem

118 2511 311 2556 Proca-'la
326 2502 538 2551 habebat
579 2503 627 2551 in
665 2501 918 2570 Liguribus
943 2539 957 2563 ,
991 2515 1307 2569 prorogatum
1344 2502 1392 2548 in
1428 2517 1609 2549 annum

110 2577 252 2631 prodi-

113 2633 245 2695 giosa.

327 2573 585 2633 imperium
617 2569 700 2621 est.

396 2637 460 2690 II.
498 2639 605 2690 Ver
652 2638 976 2708 procellosum
1013 2655 1076 2691 eo
1123 2656 1251 2693 anno
1293 2637 1380 2688 fuit
1408 2653 1425 2699 ς
1458 2636 1611 2706 pridie
