1670 3068
335 121 410 177 44
621 103 678 163 Τ
719 122 740 161 1
784 122 825 163 T
867 122 888 162 1
988 104 1034 164 L
1081 122 1103 162 1
1146 122 1191 162 v
1235 121 1256 162 1
1303 120 1326 162 1

132 190 322 247 U.c.567.
338 185 609 253 Philippum
653 205 822 236 novam
861 190 1016 254 postea
1059 184 1287 253 deflexlſje
1326 186 1483 245 viam,
1525 185 1618 252 qud

133 248 324 301 ‘hc-185·
340 255 677 303 Maronitarum
706 257 831 303 urbes
853 254 1063 321 agrosque
1096 257 1401 321 ampleffatur.

146 329 324 389 Refpon-
408 320 652 371 XXVIII.
675 323 755 370 Ad
774 339 829 371 ea
849 322 1096 389 Philippus
1117 324 1262 390 longe
1283 324 1422 371 aliam
1438 358 1452 382 ‚
1473 320 1619 389 quium

122 393 185 446 fio
218 395 309 439 Phi-
340 388 572 438 advershs
614 389 866 439 Thessalos
903 391 1276 457 Perrhaebosque
1321 406 1473 456 nuper
1495 427 1509 449 ‚
1548 391 1622 438 in-

131 454 249 512 lippi.
342 456 518 523 greffus
557 456 812 506 differendi
846 459 974 506 viam
1003 497 1017 516 ‚
1046 462 1158 507 Non
1197 478 1295 507 cum
1333 460 1617 516 Maronitis,

339 527 527 591 inquit,
553 527 664 573 mihi
693 541 774 573 aut
793 543 892 574 cum
920 528 1122 574 Eumene
1149 525 1411 592 disceptatio
1438 527 1495 592 est
1512 523 1624 589 ‚sed

329 590 434 659 jam
464 591 690 657 vobiscum
708 631 725 652 ‚
754 596 955 643 Romani
989 614 1002 643 .·
1033 613 1062 641 a
1093 595 1255 659 quibus
1273 595 1396 642 nihil
1413 595 1529 658 aequi
1555 612 1621 641 me

341 663 570 726 impetrare
575 659 761 727 jamdiu
783 663 1108 711 animadverto.
1145 663 1365 710 Civitates
1398 662 1620 709 Macedo-

340 747 480 787 num,
513 747 610 794 quae
643 748 672 777 a
703 749 768 777 me
797 732 912 779 inter
950 728 1469 795 inducias'defecerant,
1501 729 1621 777 reddi

340 797 453 845 mihi
477 815 649 862 aequum
668 796 890 861 censebam
909 817 928 858 ,·
946 817 1037 846 non
1055 800 1167 863 quia
1185 815 1349 865 magna
1370 814 1472 844 acce
1505 815 1548 843 zo
1568 814 1620 844 ea

341 866 462 932 regni
480 862 644 930 futura
678 861 808 928 effa,
841 864 981 932 (sttnt
1008 868 1124 914 enim
1162 860 1207 914 6³
1230 883 1381 931 parva
1420 866 1619 930 oppida,

344 932 389 980 δ’
418 934 465 980 in
498 933 676 997 finibus
709 937 913 982 extremis
940 931 1128 1000 posita)
1163 931 1249 997 fid
1282 933 1393 997 quia
1430 931 1621 980 multum

342 1001 409 1048 ad
422 999 617 1066 reliquos
630 1003 922 1049 Macedonas
939 1003 1232 1049 continendos
1254 999 1503 1065 exemplum
1519 1016 1621 1064 per-

274 1107 276 1109 s
341 1068 515 1116 tinebat
528 1087 550 1128 ,·
569 1084 777 1136 negatum
799 1071 855 1137 est
872 1071 998 1118 mihi.
1024 1070 1159 1120 Bello
1177 1069 1386 1118 AEtolico
1409 1068 1620 1115 Lamiam

342 1153 464 1202 oppu
494 1156 600 1185 nare
614 1134 768 1204 juſjus
791 1157 820 1185 a
855 1136 1033 1202 consule
1057 1139 1228 1186 Manio
1263 1136 1458 1194 Acilio,
1484 1153 1619 1200 quum

342 1206 421 1252 diu
438 1154 673 1272 fiztigatus
702 1207 766 1253 ibi
784 1207 960 1272 praeliis
994 1203 1278 1272 operibusque
1314 1201 1437 1266 eſjem
1459 1221 1480 1262 ,⁸
1501 1217 1620 1251 tran-

329 1270 612 1336 scendentem
646 1292 711 1321 me
732 1272 836 1340 jam
872 1292 1020 1322 muros
1044 1294 1073 1321 a
1098 1288 1234 1340 capta
1258 1290 1398 1338 prope
1432 1271 1532 1319 urbe
1556 1289 1619 1318 re·
1642 1333 1651 1337 ἤ

339 1342 528 1390 vocavit
557 1340 743 1405 consul,
777 1342 822 1391 δ’
865 1343 1076 1391 abducere
1115 1343 1275 1407 copias
1312 1342 1415 1388 inde
1460 1341 1616 1405 coegit.

338 1409 425 1457 Aa'
440 1407 578 1475 hujus
596 1408 816 1472 solatium
844 1409 1021 1477 injuriae
1036 1406 1290 1476 permistum
1310 1410 1366 1475 est
1377 1447 1394 1468 ,
1416 1422 1466 1456 ut
1492 1404 1621 1471 Thes-'-

326 1474 461 1540 saliae
509 1479 853 1543 Perrhaebiaque
921 1478 966 1526 δ’
1014 1479 1332 1527 Athamanum
1394 1477 1621 1541 reciperem

338 1546 539 1609 quaedam
570 1546 752 1611 castella
776 1547 929 1611 *magis
967 1546 1101 1610 qua'm
1132 1546 1259 1593 urbes
1292 1563 1314 1603 ,-
1350 1562 1403 1590 ea
1445 1561 1619 1608 quoque

335 1609 436 1678 ipsa
455 1631 540 1660 vos
569 1614 713 1672 mihi,
754 1615 815 1677 Q.
850 1614 1035 1672 Caecili,
1066 1631 1242 1680 paucos
1263 1626 1369 1660 ante
1399 1613 1495 1659 dies
1517 1613 1622 1658 ade-

336 1681 493 1746 mistis.
524 1681 617 1729 Pro
648 1699 739 1729 non
771 1681 907 1729 dubio
929 1682 1078 1748 paulo
1100 1681 1236 1739 ante,
1254 1680 1302 1744 Ji
1328 1681 1421 1727 diis
1432 1679 1619 1742 placet,

338 1748 476 1814 legati
491 1750 714 1797 Eumenis
733 1746 1004 1813 sumebant,
1033 1767 1128 1814 qua:
1150 1748 1376 1797 Antiochi
1399 1744 1618 1813 ficerunt,

337 1817 584 1864 Eumenem
614 1818 788 1882 aequius
809 1814 888 1877 effe
910 1818 1044 1882 qua'm
1074 1836 1140 1865 me
1163 1817 1341 1865 habere..
1354 1815 1415 1864 Id
1433 1832 1509 1882 ego
1532 1815 1622 1862 ali-

338 1898 403 1931 ter
432 1884 562 1951 longe=
587 1882 751 1949 judico
786 1882 881 1947 effe.
914 1888 1140 1934 Eumenes
1176 1888 1327 1942 enim,
1369 1902 1495 1943 non,
1532 1883 1624 1947 nisi

337 1949 544 2014 victffent
570 1955 804 2011 Romani,
828 1951 914 2016 sed
938 1954 1029 2017 nisi
1054 1954 1217 2000 bellum
1242 1948 1454 2018 geſjiffent
1474 1988 1492 2009 ,
1526 1961 1621 1998 ma-

336 2038 434 2068 nere
469 2022 517 2068 in
545 2039 674 2087 regno
694 2020 781 2085 fito
816 2039 907 2069 non
933 2024 1104 2087 potuit.
1133 2021 1295 2085 Itaque
1327 2020 1406 2067 ille
1434 2020 1619 2085 vestrum

338 2089 538 2136 meritum
563 2089 695 2136 habet
715 2128 732 2148 ,
760 2107 850 2137 non
877 2108 961 2137 vos
1005 2090 1150 2137 illius.
1188 2090 1291 2136 Mei
1324 2102 1471 2135 autem
1499 2088 1620 2152 regni

337 2171 513 2205 tantum
546 2158 699 2205 aberat
730 2172 781 2205 ut
809 2157 909 2205 ulla
935 2176 1047 2222 pars
1081 2160 1129 2205 in
1162 2156 1412 2220 discrimine
1440 2153 1616 2221 fuerit,

338 2239 391 2273 ut
417 2239 436 2270 1
461 2226 549 2272 tria
583 2225 733 2272 millia
767 2225 985 2274 talentzim
1002 2265 1019 2284 ,
1045 2225 1088 2273 G·
1117 2224 1451 2290 quinquaginta
1482 2227 1620 2270 tectas

337 2311 512 2350 naves,
558 2293 603 2340 δ’
636 2311 785 2340 ornnes
826 2295 1011 2341 Graeciae
1044 2295 1254 2341 civitates
1283 2330 1301 2350 ,
1336 2310 1452 2356 quas
1482 2305 1619 2339 antea

336 2357 597 2422 tenutſjem,
629 2361 919 2426 pollicentem
952 2362 1066 2408 ultro
1105 2361 1388 2409 Antiochum
1432 2360 1481 2406 in
1508 2377 1617 2407 mer-

335 2429 482 2476 cedem
503 2427 739 2492 fhcietatis
751 2430 864 2493 ,stm
892 2428 1153 2496 aspernatus
1171 2447 1192 2488 ,·
1215 2429 1459 2495 hostemque
1480 2429 1520 2474 ei
1551 2444 1617 2474 me

332 2521 500 2577 rigatur.
513 2519 706 2564 Paroreia
721 2522 775 2563 est
795 2521 942 2564 Graeca
1074 2534 1088 2562 1
1121 2521 1217 2562 Tria
1236 2520 1366 2560 millia
1385 2519 1615 2574 talentum]

333 2597 414 2622 vox
431 2611 441 2630 ‚
471 2584 546 2638 qu&
565 2595 727 2625 notatur
748 2585 860 2643 regio
877 2585 941 2627 ad·
1005 2584 1168 2627 Marcas
1193 2583 1353 2641 argenti
1376 2582 1457 2624 281
1471 2594 1575 2636 250.

330 2642 470 2703 jacens
506 2647 726 2689 montibus.
