1670 3068
355 108 464 184 378
635 110 1341 172 T1T1·L1V11

144 196 335 249 [XC-553·
353 207 474 254 opus
494 187 668 238 sperum
690 190 782 240 esse
809 196 896 243 rati
919 230 933 254 ,
960 211 1068 241 cum
1096 195 1254 244 valida
1279 195 1614 265 manuAgria-

147 252 334 304 ‘ak-159·
353 274 466 305 num
494 257 866 326 Illyriorumque
901 278 1161 326 erumpunt
1192 280 1202 311 z
1244 263 1616 332 Romanosque,

353 328 434 390 qni
459 326 532 374 alii
564 328 754 376 aliunde
784 329 978 377 coibant
1012 331 1504 399 convocabanturque
1524 371 1543 395 ,
1576 353 1618 383 ui

351 392 481 460 signa
514 397 560 442 in
595 397 765 444 urbem
803 394 1070 456 inferrent,
1101 400 1450 466 incompositos
1488 416 1618 468 atque

351 463 652 511 inordinatos
667 463 864 528 fugant,
888 463 1333 534 persequunturque
1358 469 1417 517 ad
1433 467 1620 518 fossam:

353 530 403 577 in
442 548 584 596 quarn
610 531 889 595 compulsos
924 533 1061 581 ruina
1098 537 1344 585 cumulant
1373 555 1389 597 3
1421 536 1622 586 sexcenti

354 597 507 646 ferme
524 598 586 645 ibi
605 598 841 647 interfeffl
863 637 876 660 ‚
901 601 1164 667 omnesque
1185 621 1341 670 prope
1365 642 1379 665 ,
1412 606 1492 671 qui
1511 607 1623 654 inter

355 682 543 713 murum
567 664 830 732 fossamque
864 668 1149 734 deprehensi
1171 687 1305 720 erant
1329 710 1343 732 ‚
1373 673 1626 734 vulneran-

356 748 448 781 tur.
492 732 563 782 Ita
595 734 677 784 suo
709 735 806 799 ipse
849 751 1022 786 conatu
1058 734 1299 803 perculsus
1330 755 1534 806 praetor,
1563 741 1626 790 se-

355 803 497 867 gnior
528 801 586 850 ad
612 803 701 851 alia
724 803 873 852 faElus
897 804 1089 854 consilia
1117 822 1244 856 erat:
1272 809 1324 857 ὃ(
1349 826 1408 858 ne
1434 808 1628 858 Eumeni

357 870 590 934 quidem,
623 871 759 920 simul
805 891 832 920 a
875 875 1032 934 mari,
1069 872 1204 923 simul
1241 895 1267 924 a
1303 891 1427 925 terra
1473 895 1628 944 aggre-

358 939 510 987 dienti
529 977 543 998 ,
572 941 831 1005 quidquam
858 939 961 989 satis
992 943 1306 1007 procedebat.
1345 944 1525 994 Placuit
1549 946 1630 1011 igi-

358 1021 434 1053 tur
453 1009 641 1072 utrique
668 1045 681 1066 ‚
711 1006 933 1056 custodiis
958 1007 1155 1059 firmatis
1180 1049 1194 1072 ,
1221 1029 1282 1060 ne
1310 1014 1439 1078 quod
1478 1012 1630 1078 praefi-

359 1073 493 1121 dium
517 1091 576 1122 ex
596 1074 893 1124 Macedonia
916 1078 1171 1127 intromitti
1192 1078 1345 1144 posset
1366 1118 1380 1139 ,
1410 1083 1632 1146 quoniam

357 1143 433 1191 vis
467 1157 630 1208 aperta
665 1161 764 1192 non
797 1143 1089 1208 proceffiffet
1126 1182 1144 1207 ,
1192 1148 1419 1214 operibus
1460 1151 1642 1198 moeni-au

360 1227 666 1277 oppugnare.
707 1211 824 1260 Haec
853 1214 1128 1278 parantibus
1166 1216 1237 1265 his
1266 1254 1280 1275 ‚
1318 1216 1490 1266 decem
1523 1219 1641 1285 regii·

361 1277 512 1327 lembi
551 1278 610 1327 ab
641 1277 978 1330 Thessalonica
1016 1300 1124 1330 cum
1160 1284 1353 1332 deleffis
1387 1283 1649 1336 Gallorum

365 1346 668 1396 auxiliaribus
689 1346 838 1408 missi,
866 1367 1012 1415 quum
1040 1352 1086 1398 in
1107 1350 1203 1400 salo
1232 1352 1406 1401 stantes
1436 1353 1643 1403 hostium

336 1410 339 1412 ’
367 1430 518 1463 naves
538 1413 885 1481 conspexissent
910 1457 923 1477 ‚
957 1416 1041 1484 ipsi
1066 1418 1266 1468 obscura
1285 1421 1426 1469 nOEie
1447 1420 1640 1488 simplici

370 1482 542 1532 ordine
561 1520 575 1544 ,
601 1482 745 1550 quam
763 1498 988 1550 poterant
1010 1488 1231 1551 proxime
1249 1489 1376 1537 littus
1396 1505 1640 1551 tenentes,

369 1552 606 1600 intrarunt
632 1552 821 1601 urbem.
862 1552 1021 1618 Hujus
1047 1557 1164 1603 novi
1185 1556 1390 1622 praesidii
1411 1555 1538 1606 fama
1554 1557 1646 1608 ab·

369 1616 527 1668 sistere
551 1622 921 1687 oppugnatione
939 1621 1076 1670 simul
1102 1622 1355 1674 Romanos
1383 1641 1653 1692 regemquei

373 1688 538 1754 coegit
563 1704 574 1735 :
608 1689 913 1738 circumveEii
938 1695 1332 1755 promontorium
1351 1731 1364 1753 ,
1403 1692 1646 1755 adToro-

372 1771 470 1804 nen
489 1754 680 1804 classem
699 1758 1001 1822 appulerunt.
1020 1757 1138 1807 Eam
1155 1778 1352 1828 quoque
1370 1779 1431 1828 op
1441 1779 1653 1829 pugnare

372 1823 561 1883 adorti,
587 1823 668 1872 ubi
698 1825 858 1874 valida
885 1825 1082 1875 defendi
1112 1846 1255 1878 manu
1287 1830 1643 1879 animadverte-

370 1905 510 1951 runt,
542 1893 676 1941 irrito
708 1895 906 1959 incepto
943 1893 1316 1946 Demetriadem
1345 1912 1553 1963 petunt.>
1574 1896 1643 1946 Ibi

363 1976 523 2026 quum
546 1963 996 2028 appropinquantes
1023 1965 1209 2028 repleta
1242 1968 1423 2014 moenia
1460 1967 1658 2015 armatis

372 2026 598 2076 *vidissent
618 2065 633 2088 ‚
662 2028 963 2094 praeterveffl
979 2068 992 2089 ‚
1013 2030 1076 2079 ad
1092 2031 1263 2081 Iolcon
1288 2033 1474 2082 cl-affem
1497 2050 1643 2100 appu-

372 2095 559 2144 lerunt:
590 2097 704 2145 inde
723 2134 737 2156 ,
762 2115 878 2165 agro
894 2097 1077 2148 vastato
1098 2138 1114 2162 ,
1141 2099 1511 2151 Demetriadem
1532 2118 1646 2169 quo-

375 2181 468 2230 que
490 2163 760 2231 aggressuri.
1138 2218 1140 2220 ,

445 2230 585 2281 Xlll.
613 2230 747 2282 Inter
773 2233 874 2282 haec
905 2234 955 2282 8<
975 2235 1138 2285 consul
1164 2273 1178 2295 ‚
1211 2253 1272 2285 ne
1294 2236 1448 2303 segnis
1467 2236 1647 2286 sederet

375 2301 563 2349 tantum
614 2301 663 2349 in
707 2318 823 2367 agro
862 2301 1088 2364 hostico,
1137 2304 1208 2353 M.
1249 2304 1506 2371 Popillium
1539 2321 1642 2353 cum

375 2369 588 2435 quinque
612 2368 819 2418 millibus
846 2370 1051 2419 militum
1073 2372 1132 2420 ad
1163 2372 1448 2421 Meliboeam
1481 2373 1644 2422 urbem

374 2437 753 2503 oppugnandam
775 2439 936 2486 mittit.
979 2438 1077 2488 Sita
1102 2439 1167 2487 est
1193 2442 1240 2487 in
1262 2441 1496 2490 radicibus
1519 2437 1643 2490 Ossae

373 2507 556 2552 montis
571 2542 585 2565 ,
613 2505 705 2571 qua
726 2519 858 2570 parte
879 2507 924 2553 in
944 2505 1232 2556 Thessaliam
1250 2511 1407 2575 vergit
1428 2547 1441 2569 ,
1466 2525 1643 2574 oppor-

373 2572 490 2620 tune
538 2574 795 2621 imminens
840 2573 977 2639 super
1028 2574 1417 2626 Demetriadem.
1470 2576 1642 2626 Primus

375 2668 532 2708 turum,
553 2663 619 2717 qui
648 2662 798 2717 primus
817 2665 980 2719 aggredi
1016 2663 1260 2705 maturasset.
