1670 3068
307 99 419 174 318
590 102 643 159 T
693 119 709 157 1
758 119 799 159 T
844 119 864 158 1
952 104 996 159 L
1043 120 1062 158 1
1109 119 1152 157 v
1197 118 1218 157 1
1263 119 1285 158 1

47 201 50 203 ’
101 190 272 240 {Le-,581
301 180 424 228 tibus
441 218 454 241 ,
475 180 525 230 ὃ(
548 185 627 248 qui
658 181 996 232 Rornanorum
1020 184 1163 248 partis
1188 194 1323 232 erant
1345 201 1357 232 z
1378 182 1587 236 adverfae

101 246 517 297 2·C·172-fa&ionis
545 252 798 300 hominum
816 289 830 309 ‚
864 251 1206 317 fautorumque
1241 252 1366 318 regis
1391 269 1444 300 ac
1469 252 1585 300 Ma-

304 316 545 366 cedonum
570 357 583 377 ‚
622 336 652 378 4
683 318 884 367 familias
907 319 988 366 sub
1023 336 1202 367 corona
1236 320 1454 368 vendidit
1480 337 1494 381 3
1516 320 1587 371 his

310 383 449 452 gestis
481 388 526 433 in
562 386 754 435 Boeotia
774 424 788 446 ‚
822 386 882 434 ad
920 404 1052 436 mare
1082 405 1135 435 ac
1166 405 1315 437 naves
1344 388 1503 436 rediit.

136 452 301 508 Perseus
379 453 557 503 LXIV.
599 455 768 518 Quum
803 454 905 504 haec
938 458 986 503 in
1029 455 1218 505 Boeotia
1259 468 1540 522 gererentur
1571 492 1588 516 ,

97 515 246 571 frustra
310 519 506 570 Perseus
552 522 613 569 ad
666 521 926 587 Sycurium
968 522 1135 572 stativa
1184 525 1369 572 dierum
1411 521 1604 589 aliquot*

105 578 231 627 castra
311 590 492 638 habuit.
535 588 633 637 Ubi
672 608 821 657 quum
860 590 1095 651 audisset,
1130 593 1302 657 raptim
1339 589 1592 640 Romanos

104 640 287 740 Romaya
313 657 438 706 circa
474 674 533 706 ex
557 659 677 725 agris
713 659 977 708 demeffum
1010 659 1307 708 frumentum
1343 660 1596 708 convehe-

107 715 289 803 meent?-
312 742 393 784 re,
436 725 611 775 deinde
651 741 760 775 ante
810 727 886 777 sua
921 745 1164 795 quemque
1201 729 1407 777 tentoria
1444 727 1595 793 spicas

106 778 148 804 re
180 779 226 804 vu
270 792 280 805 ’
310 793 513 844 falcibus
556 793 861 844 desecantem
888 834 902 855 ‚
944 815 1043 862 quo
1094 797 1257 862 purius
1299 794 1596 844 frumentum

312 878 522 921 tereret,
559 865 778 930 ingentes
812 880 1013 913 acervos
1052 882 1136 930 per
1166 878 1271 913 tota
1300 862 1444 913 castra
1484 861 1600 911 stra·

315 947 593 979 mentorum
634 930 792 981 fecisse
832 949 845 991 ;
881 947 1006 981 ratus
1050 932 1277 981 incendio
1322 946 1601 999 opportuna

316 997 446 1057 effe,
479 998 607 1048 faces
632 1037 647 1060 ,
687 999 994 1066 taedamque,
1038 1001 1090 1049 &
1123 1000 1380 1049 malleolos
1415 998 1599 1065 stuppae

317 1067 463 1115 illitos
493 1069 600 1133 pice
628 1065 929 1134 parariiubet
949 1106 962 1127 ‚
994 1084 1138 1136 atque
1171 1071 1235 1116 ita
1266 1068 1425 1117 media
1459 1067 1605 1116 nocie

321 1134 601 1202 profectus,
640 1151 690 1184 ut
735 1138 888 1201 prima
941 1137 1045 1186 luce
1094 1135 1332 1203 aggressus
1370 1135 1600 1185 falleret:

318 1206 657 1270 nequicquam.
688 1203 857 1253 Primae
890 1204 1115 1255 stationes
1151 1203 1380 1270 oppreffae
1417 1203 1604 1253 tumul-

320 1286 372 1320 tu
407 1291 459 1320 ac
489 1289 676 1321 terrore
709 1273 792 1321 suo
824 1288 1011 1322 ceteros
1042 1275 1326 1322 exciverunt
1354 1291 1364 1320 :
1388 1271 1606 1339 signum-

321 1358 417 1407 que
441 1340 605 1390 datum
636 1340 703 1390 est
730 1360 860 1390 arma
886 1342 1136 1408 extemplo
1166 1341 1385 1406 capiendi
1413 1358 1423 1389 :
1452 1339 1607 1388 fimul·

322 1426 417 1475 que
446 1412 493 1457 in
523 1411 654 1459 vallo
675 1447 688 1469 ‚
723 1410 781 1458 ad
815 1425 978 1475 portas
1002 1449 1014 1469 ‚
1045 1410 1182 1458 miles
1204 1408 1451 1457 instruGtus
1473 1423 1604 1469 erat,

319 1478 372 1526 &
407 1480 617 1527 intentus
664 1480 1045 1545 propugnationi
1086 1477 1365 1527 castrorum.
1410 1475 1607 1526 Perseus

318 1548 372 1595 ὅ(
391 1547 643 1612 extempio
673 1548 957 1614 circumegit
977 1548 1155 1608 aciem,
1190 1547 1241 1594 &
1267 1548 1420 1611 prima
1440 1547 1608 1609 impe-

319 1615 534 1664 dimenta
559 1617 622 1665 ire
642 1652 656 1675 2
683 1614 862 1664 deind‘e
894 1616 1112 1681 peditum
1146 1614 1274 1682 figna
1299 1613 1410 1663 ferri
1435 1611 1559 1679 juffit
1586 1629 1603 1673 ;

318 1683 417 1749 ipse
464 1702 572 1732 cum
615 1685 830 1751 equitatu
889 1684 939 1732 δε
986 1685 1086 1733 levi
1125 1698 1360 1732 armatura
1408 1681 1609 1731 substitit

318 1752 381 1800 ad
415 1769 588 1819 agmen
619 1752 927 1819 cogendum,
953 1768 1113 1813 ratus,
1143 1752 1193 1801 id
1225 1750 1359 1819 quod
1394 1750 1602 1811 accidit,

317 1820 656 1886 insequuturos
685 1822 743 1868 ad
766 1838 983 1870 extrema
1003 1821 1061 1870 ab
1085 1838 1222 1887 tergo
1244 1819 1482 1885 carpenda
1514 1819 1611 1867 ho-

321 1887 431 1937 stes·
468 1888 626 1938 Breve
661 1906 905 1937 certamen
944 1891 1064 1938 levis
1107 1903 1356 1937 armaturae
1398 1887 1612 1936 maxime

320 1975 434 2006 cum
478 1956 888 2023 procursatoribus
924 1957 1012 2006 fuit
1047 1973 1060 2017 3
1096 1959 1283 2024 equites
1327 1954 1610 2022 peditesque
1652 1980 1656 1983 v

323 2024 425 2075 fine
460 2026 734 2074 tumultuin
769 2024 913 2074 castra
946 2025 1205 2076 redierunt.
1240 2022 1484 2073 Demeffis
1519 2026 1612 2071 cir-

324 2093 381 2143 ca
411 2093 651 2161 segetibus
669 2132 682 2154 ,
704 2093 915 2144 Romani
940 2095 1000 2143 ad
1022 2092 1355 2144 Crannonium
1383 2090 1609 2141 intactum

325 2180 493 2230 agrurn
530 2161 678 2211 castra
729 2178 952 2212 movent.
991 2162 1064 2212 Ibi
1107 2180 1254 2229 quum
1301 2162 1452 2209 securi
1489 2199 1502 2220 ‚
1558 2159 1612 2208 &

326 2245 531 2297 propter
558 2229 820 2280 castrorum
842 2231 1277 2298 longinquitatem,
1303 2230 1356 2278 ὃ(
1383 2231 1475 2277 viae
1504 2230 1616 2276 ino-

326 2301 402 2366 pis
435 2316 666 2365 aquarum
703 2297 1035 2349 difficultatem
1066 2337 1081 2359 ‚
1133 2317 1240 2365 quae
1292 2300 1416 2347 inter
1458 2295 1617 2363 Sycu-

330 2369 454 2417 rium
482 2367 532 2416 &
557 2364 820 2417 Crannona
842 2367 907 2417 est
925 2406 939 2429 ,
961 2367 1127 2416 stativa
1151 2367 1413 2424 haberent3
1433 2382 1618 2431 repen-

332 2435 382 2485 te
416 2435 571 2502 prima
603 2435 710 2485 luce
751 2436 798 2483 in
835 2437 1198 2486 imminentibus
1231 2432 1427 2484 tumulis
1478 2434 1624 2498 equi-.

333 2518 459 2553 tatus
484 2505 641 2570 regius
674 2521 784 2552 cum
816 2503 915 2554 levi
941 2520 1178 2553 armatura
1213 2502 1340 2552 visus
1369 2504 1620 2568 ingentem

399 2593 669 2645 4Familias]
715 2593 866 2634 Servos
906 2592 946 2635 ἃ
995 2593 1114 2633 bona.
1160 2591 1258 2635 Vid.
1295 2600 1383 2630 not.
1421 2601 1470 2643 5,
1507 2589 1554 2629 ad
1586 2591 1616 2631 1.

338 2655 426 2704 111,
458 2670 495 2697 c·
537 2666 586 2709 55
612 2686 624 2706 ,
655 2655 783 2710 supra.
