1670 3068
332 107 441 165 170
618 88 689 147 T.
738 91 903 150 L1v.
949 89 1111 149 LIB.
1167 90 1319 150 XL.·

119 183 169 225 U
175 196 211 225 ς
222 197 307 237 573
324 171 438 236 plex
459 173 853 233 centurionibus,
890 173 1063 238 triplex
1098 174 1262 238 equiti.
1297 172 1466 222 Nihil
1455 189 1501 222 in
1531 187 1599 226 eo
1628 169 1630 171 ,

121 253 157 280 a
165 239 209 280 C
203 254 295 294 179
324 240 572 306 triumpho
605 243 756 308 magis
775 210 956 307 insigne
985 239 1103 300 fuit,
1137 259 1282 306 quam
1318 241 1448 308 quod
1474 240 1600 293 forte

324 312 532 370 evenit,
564 324 616 357 ut
641 309 819 358 eodem
848 310 923 357 die
948 322 1004 355 tir
995 309 1290 374 umpharet‚
1318 328 1416 375 quo
1440 307 1603 376 priore

323 393 453 425 anno
506 394 565 425 ex
611 391 812 441 praetura
865 376 1266 442 triumphaverat.
1326 377 1602 427 Secundtim

120 455 304 499 comitia,
322 445 621 509 triumphum
656 447 821 492 comit
828 462 853 491 a
888 444 1037 492 edixit
1060 446 1273 511 ,quibus
1306 448 1450 495 creati
1486 464 1601 494 con-

322 511 443 561 sules
466 513 598 572 sunt,
625 511 696 560 Μ.
724 511 887 561 Junius
908 511 1111 573 Brutus,
1142 511 1206 561 A.
1238 511 1448 562 Manlius
1478 513 1603 563 Vul·
1668 514 1670 528 '

322 579 392 628 so.
419 580 449 629 6
481 581 745 629 Praetorum
775 581 920 642 inde,
956 580 1102 629 tribus
1141 582 1312 630 creatis
1346 619 1360 641 ‚
1406 583 1602 632 comitia

322 646 581 714 tempestas
610 648 801 697 diremit
825 666 839 709 3
876 647 1071 714 postero
1103 648 1180 698 die
1209 649 1378 715 reliqui
1399 665 1495 699 tres
1526 648 1602 698 fa-

323 715 385 765 &i
411 754 424 776 ,
465 732 576 766 ante
600 717 731 767 diem
751 731 971 783 quartum
991 716 1103 766 Idus
1125 717 1323 766 Martias
1343 755 1357 777 ,
1387 717 1460 767 M.
1479 715 1604 767 Titi-

324 786 429 833 nius
456 782 682 847 CurvuS‚
716 785 796 835 Ti.
819 784 1051 834 Claudius
1080 784 1213 834 Nero
1233 823 1246 845 ‚
1283 784 1347 834 T.
1373 785 1602 835 Fonteius

323 850 430 919 Cap
437 855 521 903 ito.
544 852 669 903 Ludi
690 854 902 903 Romani
923 853 1162 902 instaurati
1191 855 1250 903 ab
1281 854 1498 902 aedilibus
1524 872 1604 903 cu-

321 871 541 981 rulipbus,
575 920 669 971 Cn.
699 922 906 972 Servilio
944 920 1182 987 Caepione
1207 960 1220 982 ‚
1260 922 1358 989 Ap.
1394 921 1516 972 Clau
1523 923 1603 972 dio

163 998 312 1044 Prodi-
327 987 624 1051 Centhone,
654 1004 855 1057 propter
889 991 1142 1057 prodigia,
1182 1008 1288 1058 quae
1325 1004 1605 1041 evenerant.

115 1063 199 1119 gia.
327 1056 481 1107 Terra
512 1061 699 1107 movit:
738 1062 785 1107 in
822 1059 937 1108 foris
969 1060 1174 1125 publicis
1200 1096 1217 1119 ‚
1255 1059 1338 1108 ubi
1377 1058 1606 1123 leffister-¹

326 1129 459 1175 nium
483 1142 613 1186 erat,
636 1127 841 1177 deorum
865 1129 1059 1193 capita,
1092 1145 1198 1194 quae
1215 1130 1262 1175 in
1286 1126 1418 1176 leffls
1442 1141 1607 1187 erant,

326 1211 608 1245 averterunt
640 1195 684 1244 se
726 1217 739 1247 ε
777 1213 809 1259 7
843 1196 1047 1262 lanaque
1080 1213 1189 1244 cum
1225 1196 1569 1262 integumentis
1590 1232 1606 1256 ‚

327 1282 435 1331 quae
455 1263 565 1314 Jovi
585 1263 804 1330 opposita
825 1263 944 1325 fuit,
975 1264 1180 1325 decidit3
1208 1263 1269 1312 de
1293 1263 1455 1313 mensa
1475 1264 1605 1313 oleas

327 1350 526 1398 quoque
566 1331 865 1400 praegustasse
891 1349 1086 1393 mures,
1118 1334 1164 1380 in
1197 1332 1477 1416 prodigium
1501 1348 1609 1382 ver·

327 1401 430 1449 sum
454 1399 535 1449 est.
577 1401 658 1449 Ad
701 1418 757 1449 ea
793 1401 1031 1468 expianda
1055 1401 1172 1449 nihil
1196 1400 1351 1462 ultra,
1386 1417 1530 1467 quam
1557 1413 1607 1451 ut

324 1468 424 1518 Iudi
454 1467 862 1530 instaurarentur,
896 1468 1050 1518 assum
1074 1467 1155 1518 est.

325 1595 457 1640 editi,
488 1608 680 1635 trecenos.
998 1594 1144 1634 bantur
1181 1593 1274 1634 ituri
1311 1594 1360 1634 ad
1392 1607 1547 1634 coenarn
1581 1606 1606 1635 e

389 1657 414 1697 6
453 1657 673 1697 Praetorum
704 1656 824 1705 inde,
868 1656 937 1696 tri·
999 1657 1164 1696 balneo.
1210 1655 1289 1696 Hic
1330 1656 1434 1696 enim
1476 1656 1606 1711 agitur

326 1718 394 1759 bus
436 1718 614 1772 creatis]
656 1718 814 1759 Horum
864 1733 937 1760 no·
1002 1718 1051 1758 de
1085 1717 1453 1765 leftisternio,five
1483 1718 1610 1772 epulo

324 1782 428 1821 mina
448 1782 572 1821 habes
603 1782 642 1820 in
673 1780 936 1835 supplem.1‚
1000 1780 1173 1832 praebito
1205 1779 1300 1821 Jovi
1330 1781 1371 1821 ὅ(
1403 1780 1488 1820 aliis
1520 1779 1608 1820 diis.

322 1844 414 1884 libri
444 1843 557 1883 XLI.
999 1841 1105 1881 Hinc
1150 1841 1195 1881 fit
1247 1855 1409 1896 quoque
1455 1840 1606 1882 mentio

386 1919 413 1956 7
454 1905 640 1959 Lunaque
667 1919 749 1943 cum
780 1903 936 1960 integu-
1001 1904 1181 1943 olearum
1214 1904 1264 1943 de
1310 1903 1443 1944 mensa
1465 1931 1477 1952 ,
1515 1901 1607 1946 Jovi

324 1966 497 2020 mentis]
522 1967 620 2006 Haec
634 1967 847 2007 admodum
864 1967 936 2006 ob·
1001 1965 1154 2005 scilicet
1187 1964 1392 2018 apposita,
1433 1980 1455 2005 a
1491 1964 1608 2004 muri·

325 2029 438 2068 scura
466 2029 554 2068 sunt
583 2042 594 2069 ε
629 2026 695 2068 nisi
727 2027 832 2083 qubd
863 2043 938 2081 pro
1001 2027 1073 2067 bus
1101 2026 1438 2082 praegustatarum.
1459 2025 1608 2067 Cetera

327 2091 424 2130 lana
457 2090 620 2131 videtur
644 2090 935 2130 emendandum
1003 2089 1245 2130 doflioribus
1306 2088 1607 2145 interpretanda

326 2153 428 2193 ἰιεπα
447 2182 458 2201 ,
489 2167 568 2208 quo
588 2152 823 2195 vestimento
843 2163 939 2193 ute·
1001 2150 1279 2207 relinquimus.

810 2371 1075 2466 ’ᾓωνζέ
