1670 3068
318 100 394 172 46
603 97 1296 159 T1T1L1vr1

103 181 435 235 U.c.567.meni
473 183 589 231 datae
629 185 841 231 civitates
880 201 937 231 eae
965 182 1131 248 effeta,
1161 182 1284 231 nihil
1306 177 1356 244 fh
1393 195 1561 228 mutare
1574 199 1596 239 ,-

104 241 354 313 ³·(3·¹S'·fi
377 250 629 316 Philippus
665 251 781 298 bello
813 250 989 318 cepiffit
1013 251 1090 299 etis
1106 289 1124 310 ,
1148 251 1381 317 preamium
1401 250 1597 296 vifforiae

156 300 299 355 Legati

104 362 232 402 medio

103 421 290 478 responso
327 456 334 463 .

102 500 183 526 rem
205 484 251 540 su

100 562 179 604 pen
186 550 258 589 dun

115 796 301 838 Manlius

303 315 408 384 jure
426 319 532 365 belli
551 320 804 367 habiturum
834 338 855 379 ,·
873 321 921 382 st
939 334 1139 368 neutrum
1166 336 1309 366 eorum
1320 314 1440 382 foret
1453 353 1470 375 ,
1490 317 1600 381 pla-

317 404 405 434 cere
433 388 730 452 cognitionem
746 385 931 449 senatui
952 385 1157 450 reservari
1182 407 1194 436 :
1228 385 1272 433 ἐξ)
1288 423 1305 443 ,
1328 406 1358 444 4
1379 399 1429 432 ut
1444 386 1600 432 omnia

318 472 366 501 tn
401 456 566 520 integro
599 469 823 502 manerent
836 492 855 512 ,
879 456 1089 520 praefidia
1102 492 1119 513 ,
1150 473 1245 519 quae
1265 456 1312 501 in
1335 455 1396 500 iis
1418 453 1600 499 urbibus

264 512 434 589 gofint,
462 524 636 570 deduci.
670 522 761 569 Hae
796 521 947 570 causae
982 523 1191 571 maxime
1225 523 1436 570 animum
1482 519 1602 567 Phi-

315 590 431 654 lippi
465 591 798 638 alienaverunt
831 591 890 638 ab
923 590 1158 639 Romanis
1184 607 1193 637 :
1226 604 1276 638 ut
1307 608 1404 637 non
1432 606 1458 635 a
1489 587 1605 636 Per-

316 657 397 706 seo
432 655 533 705 filio
564 657 668 720 ejus
704 659 845 706 novis
879 659 1026 707 caui‘is
1060 675 1279 716 motum,
1311 656 1393 706 sed
1431 656 1495 705 ob
1518 657 1603 705 has

317 744 344 774 a
373 740 509 790 patre
539 726 721 775 bellum
755 726 968 776 relie'ium
1001 726 1103 776 filio
1134 727 1286 775 videri
1318 723 1480 791 poffit.

387 792 574 843 XXIX.
606 793 781 843 Romae
811 797 940 844 nulla
969 795 1083 845 belli
1116 794 1427 844 Macedonici
1454 791 1606 858 suspi-

107 874 157 900 ex
181 857 274 913 His
319 863 396 910 cio
425 879 543 912 erat.
574 862 632 912 L.
660 863 870 912 Manlius
896 865 1154 930 proconsul
1180 881 1238 913 ex
1268 862 1498 928 Hispania
1521 877 1607 911 re-

104 922 229 977 pania

107 997 252 1027 ovatu-

322 931 472 980 dierat
494 948 507 988 ¹,
536 933 611 979 cui
641 931 897 997 postulanti
918 933 976 981 ab
1001 932 1161 982 senatu
1185 935 1228 980 in
1253 932 1357 980 aede
1387 929 1606 979 Bellonae
1642 967 1658 972 -

319 1000 620 1065 triumphum
651 1018 811 1049 rerum
848 1000 1087 1068 gestarum
1126 1000 1411 1068 magnitudo
1440 1001 1606 1063 impe-

317 1069 542 1118 trabilem
573 1067 778 1119 faciebat
814 1087 824 1117 z
865 1071 1142 1136 exemplum
1178 1067 1399 1118 obstabat
1427 1105 1442 1127 ‚
1473 1065 1608 1133 quod

318 1137 387 1185 ita
424 1152 762 1204 comparatum
795 1156 933 1188 more
963 1137 1205 1203 majorum
1229 1153 1360 1195 erat,
1386 1153 1445 1184 ne
1469 1137 1572 1202 quis
1590 1172 1604 1196 ‚

320 1207 401 1271 qui
441 1207 705 1254 exercitum
747 1225 847 1255 non
884 1206 1180 1274 deportasset
1207 1245 1223 1268 ,
1255 1204 1570 1271 triumpharet
1593 1241 1609 1265 ,

318 1272 405 1323 nisi
450 1275 777 1339 perdomitam
812 1291 1131 1342 pacatamque
1163 1276 1470 1341 provinciam
1513 1287 1612 1321 tra·

322 1341 510 1392 didiffet
537 1342 785 1392 succeffori
804 1360 819 1404 3
840 1345 1024 1393 medius
1043 1361 1208 1393 tamen
1227 1344 1388 1391 honos
1416 1341 1609 1390 Manlio

321 1411 512 1459 habitus
535 1450 549 1474 ‚
580 1428 631 1461 ut
657 1431 810 1461 ovans
842 1415 1011 1462 urbem
1042 1416 1197 1463 iniret.
1228 1410 1365 1462 Tulit
1400 1426 1610 1459 coronas

322 1497 490 1528 aureas
549 1483 895 1549 quinquaginta
945 1482 1108 1531 duas:
1163 1497 1183 1548 5
1231 1482 1330 1529 auri
1377 1494 1612 1545 praeterea

321 1549 494 1615 pondo
537 1564 733 1598 centum
779 1552 950 1615 viginti
995 1552 1093 1598 duo
1129 1564 1140 1596 ε
1177 1550 1360 1616 argenti
1401 1546 1611 1596 sedecim

320 1617 473 1667 millia
521 1633 739 1668 trecenta
778 1636 788 1666 :
831 1620 883 1667 &
931 1618 1263 1685 pronuntiavit
1308 1618 1355 1665 in
1409 1614 1610 1676 senatu,

321 1685 355 1735 6
392 1686 566 1734 decem
607 1687 755 1735 millia
795 1687 965 1753 pondo
1011 1689 1198 1754 argenti
1233 1723 1247 1746 ‚
1277 1685 1327 1734 &
1363 1683 1611 1750 oeioginta

321 1756 423 1802 auri
456 1754 529 1819 Q.
551 1753 753 1803 Fabium
783 1754 1070 1821 quaestorem
1098 1753 1344 1804 advehere
1372 1768 1386 1811 ;
1421 1753 1468 1800 id
1491 1769 1614 1817 quo-

320 1840 417 1888 que
457 1822 504 1872 se
545 1824 594 1871 in
638 1825 856 1872 aerarium
899 1824 1158 1872 illaturum.
1199 1822 1412 1889 Magnus
1451 1836 1613 1870 motus

320 1891 504 1940 servilis
538 1908 599 1941 eo
629 1910 757 1940 anno
782 1895 828 1940 in
858 1891 1037 1959 Apulia
1065 1890 1173 1940 fuit.
1202 1890 1476 1939 Tarentum
1497 1907 1614 1955 pro-

320 1962 531 2010 vinciam
577 1959 633 2009 L.
672 1959 940 2010 Postumius
984 1975 1163 2028 praetor
1200 1959 1428 2008 habebat.
1464 1957 1509 2007 Is
1548 1957 1611 2007 de

323 2028 571 2095 pastorum
628 2028 966 2093 conjuratione
999 2067 1014 2090 ‚
1061 2030 1142 2095 qui
1198 2031 1301 2079 vias
1349 2027 1614 2076 latrociniis

323 2096 593 2163 pascuaque
622 2099 814 2162 pubiica
840 2096 1008 2147 infesta
1040 2097 1343 2154 habuerant,
1391 2094 1614 2161 quaestio-

319 2183 439 2217 nem
481 2165 646 2216 severe
673 2169 888 2218 exercuit
920 2185 929 2216 :
963 2167 1023 2216 ad
1055 2166 1242 2233 septem
1277 2163 1426 2214 millia
1456 2164 1616 2212 homi-

387 2303 419 2342 4
454 2290 512 2331 Ut
548 2291 679 2332 omnia
709 2291 749 2332 in
784 2291 936 2349 integro
999 2291 1146 2333 sienses
1184 2302 1266 2343 192
1288 2318 1298 2337 ,
1320 2289 1456 2330 uncias
1481 2301 1517 2333 t.
1536 2288 1615 2329 Ar-

327 2354 561 2404 manerent]
593 2352 651 2393 Ut
682 2364 863 2395 neutram
898 2355 938 2394 in
997 2350 1288 2411 gentifedecim
1320 2352 1447 2391 millia
1466 2364 1617 2392 trecen·

328 2425 484 2470 partem
515 2429 580 2456 res
605 2416 794 2458 inclinata
822 2417 940 2457 vide-
1003 2429 1061 2456 ta.
1102 2415 1265 2456 Marcas
1312 2413 1461 2466 25468
1490 2444 1503 2466 ‚
1544 2428 1615 2453 un·

329 2489 443 2519 retur
477 2505 491 2520 ,
542 2478 610 2517 sed
672 2478 788 2532 plane
834 2480 941 2520 inter
1005 2478 1085 2518 cias
1113 2477 1158 2517 6.

328 2539 522 2594 utrosque
548 2539 742 2593 suspensa.
1067 2539 1092 2580 6
1127 2540 1279 2580 Decem
1313 2537 1444 2578 ηἰὶἷῖἱα
1477 2538 1616 2593 pondo

399 2615 415 2650 5
447 2601 754 2658 Auri-..pondo
791 2614 942 2643 centum
1005 2602 1190 2657 argenti]
1241 2601 1403 2642 Marcas
1451 2599 1617 2649 15625.

328 2661 471 2722 viginti
495 2665 605 2722 duo]
642 2665 805 2709 Marcas
832 2664 944 2708 Pari·
1009 2663 1220 2722 Offogima
1231 2661 1499 2705 ausimarcas
1517 2673 1615 2714 125.
