1670 3068
297 114 415 186 482
583 113 637 171 T
683 130 702 169 1
747 131 787 171 ’r
831 129 851 169 1
939 114 985 171 L
1030 130 1051 169 1
1096 130 1140 169 v
1188 128 1210 169 1
1255 130 1277 169 1

99 208 392 260 U.c.535spro
430 194 652 244 libertate
695 193 773 243 sua
807 192 898 244 esse
928 193 1145 252 fa&um;
1201 193 1437 242 nominati
1480 191 1585 244 sunt

97 267 285 317 {hia-107·
303 264 434 312 enim
467 265 592 331 regis
629 264 769 312 amici
807 264 1152 328 purpuratique
1173 298 1187 321 ‚
1227 261 1372 310 duces
1403 265 1588 311 exerci-

300 345 436 379 tuum
459 369 474 392 ,
502 330 715 398 praefeffi
740 332 935 379 navium
952 366 966 387 ‚
993 343 1073 378 aut
1092 327 1420 395 praesidiorum
1443 347 1458 388 3
1493 329 1588 378 ser-

299 402 404 450 vire
441 403 542 467 regi
565 400 807 448 humiliter
837 434 852 457 ‚
887 397 987 446 aliis
1012 396 1214 465 superbe
1248 399 1486 464 imperare
1507 396 1586 446 as-
1639 435 1647 438 -

298 467 450 517 sueti:
483 468 758 533 praedivites
794 465 914 526 alii,
951 465 1061 526 alii,
1097 483 1220 532 quos
1260 465 1454 514 fortuna
1484 484 1585 516 non

299 549 580 603 aequarent,
625 535 695 583 his
729 533 992 600 sumptibus
1026 549 1204 599 pares:
1233 537 1390 602 regius
1424 536 1588 582 omni-

300 604 390 653 bus
436 602 595 652 *viestus
631 600 959 669 vestitusque:
994 602 1112 650 nulli
1152 602 1306 651 civilis
1353 603 1537 652 animus
1570 638 1587 664 ‚

299 689 462 738 neque
509 672 671 738 legum
722 688 876 737 neque
922 670 1156 719 libertatis
1197 688 1344 737 aequae
1384 673 1588 736 patiens.

300 739 494 789 Omnes
528 742 670 806 igitur
698 740 780 805 qui
825 740 873 786 in
924 739 1160 804 aliquibus
1205 737 1474 787 ministeriis
1511 756 1609 788 re·-

298 810 386 874 giis
412 845 427 869 ‚
462 809 607 857 etiam
640 810 721 873 qui
761 808 808 853 in
859 808 1066 855 minimis
1120 807 1442 873 legationibus
1485 806 1588 856 fue-

298 890 437 936 rant,
475 874 579 940 juffi
615 875 917 923 Macedonia
948 875 1184 924 excedere
1206 912 1220 935 ,
1253 890 1398 943 atque
1418 878 1465 924 in
1488 874 1587 924 Ita-

301 944 415 993 liam
435 946 535 992 ire:
571 946 653 1009 qui
676 961 775 992 non
804 942 1027 1008 paruisset
1056 945 1262 1010 imperio
1291 981 1304 1004 ,
1341 962 1471 993 mors
1501 944 1588 993 de·
1629 950 1633 951 ⁷

158 1014 280 1070 Leges
306 1013 539 1061 nuntiata.
587 1013 740 1078 Leges
785 1010 1093 1061 Macedoniae
1134 1012 1266 1060 dedit
1305 1030 1414 1060 cum
1455 1027 1586 1061 tanta
1621 1013 1626 1017 ”

96 1076 282 1146 ΑΜΜῈ·
308 1098 452 1139 cura,
489 1096 539 1129 ut
574 1099 673 1128 non
707 1077 917 1129 hostibus
953 1079 1088 1128 viffis
1114 1118 1129 1140 ‚
1173 1079 1253 1129 sed
1287 1079 1426 1128 sociis
1457 1082 1587 1130 bene

97 1140 268 1179 “²³0⁷‘'ae
307 1150 489 1198 meritis
516 1149 630 1198 dare
652 1149 926 1198 videretur:
956 1148 1005 1197 &
1031 1167 1145 1215 quas
1164 1165 1225 1197 ne
1252 1147 1358 1197 usus
1387 1148 1587 1215 quidem

97 1199 280 1244 Paullus,
307 1218 458 1283 longo
482 1232 705 1284 tempore
725 1254 739 1278 ,
769 1218 849 1283 qui
883 1234 1004 1265 unus
1036 1216 1102 1265 est
1132 1217 1293 1282 legum
1315 1215 1587 1279 corrector,

305 1283 604 1353 experiendo
625 1300 862 1352 argueret.
884 1285 966 1334 Ab
987 1284 1112 1333 seriis
1129 1286 1296 1344 rebus,
1320 1286 1554 1334 ludicrum
1573 1323 1588 1345 ,
1629 1290 1632 1294 '

303 1356 437 1421 quod
469 1372 527 1404 ex
561 1355 716 1403 multo
764 1354 874 1402 ante
915 1367 1183 1419 praeparato
1216 1390 1230 1414 ‚
1283 1354 1335 1402 ὃς
1378 1354 1424 1401 in
1459 1352 1590 1417 Asiae-

301 1426 518 1472 civitates
540 1461 553 1483 ,
593 1424 645 1471 ὃς
682 1421 742 1470 ad
766 1438 906 1488 reges
937 1420 1080 1469 miffis
1110 1424 1189 1486 qui
1217 1422 1583 1482 denuntiarent,

300 1492 519 1559 &quum
548 1491 818 1539 circumiret
853 1487 950 1556 ipse
984 1488 1185 1539 Graeciae
1221 1491 1440 1538 civitates
1463 1527 1475 1547 ‚
1514 1491 1587 1538 in-

297 1560 482 1609 dixerat
514 1559 810 1625 principibus
834 1595 849 1617 ,
884 1575 1065 1625 magno
1103 1574 1332 1624 apparatu
1369 1558 1587 1624 Amphi-

297 1629 402 1694 poli
442 1627 574 1677 fecit.
624 1626 751 1676 Nam
793 1625 844 1675 ὃς
888 1642 909 1692 3
952 1625 1186 1675 artificum
1213 1627 1370 1675 omnis
1397 1627 1587 1694 generis

298 1698 379 1762 qui
417 1696 649 1745 ludicram
690 1709 844 1744 artem
888 1695 1170 1756 faciebant,
1208 1712 1268 1744 ex
1301 1709 1408 1744 toto
1445 1693 1586 1744 Orbe

298 1778 532 1814 terrarum
570 1763 830 1812 multitudo
857 1800 872 1823 ,
912 1764 963 1812 &
991 1764 1279 1812 athletarum
1301 1800 1316 1823 ,
1357 1762 1407 1811 &
1437 1763 1588 1812 nobi·-

298 1834 415 1881 lium
454 1850 693 1901 equorum
732 1834 966 1880 convenit
1003 1849 1012 1879 ε
1061 1832 1111 1881 8<
1155 1831 1424 1898 legationes
1476 1848 1588 1880 cum

297 1900 502 1951 viffimis
523 1940 536 1962 ‚
575 1902 628 1950 &
662 1899 897 1966 quidquid
921 1900 1048 1948 aliud
1080 1901 1286 1948 deorum
1313 1900 1589 1948 hominum-

299 1987 394 2035 que
424 1970 567 2019 causa
592 1968 696 2018 fieri
726 1969 911 2035 magnis
934 1969 1056 2016 ludis
1074 1971 1120 2016 in
1140 1966 1330 2017 Graecia
1349 1967 1486 2017 solet.
1517 1966 1589 2016 Ita

299 2037 474 2086 facium
505 2036 572 2087 est
598 2076 611 2097 ‚
647 2052 698 2085 ut
730 2055 830 2085 non
863 2035 1271 2103 magnificentiam
1294 2037 1483 2084 tantum
1506 2034 1588 2084 sed

299 2107 610 2171 prudentiam
636 2108 682 2154 in
710 2105 879 2154 dandis
900 2104 1175 2170 spe&aculis
1197 2143 1212 2164 ‚
1239 2104 1298 2151 ad
1321 2121 1425 2170 quae
1443 2104 1585 2153 rudes
1630 2130 1634 2131 ⁷

297 2189 400 2222 tum
422 2174 634 2223 Romani
659 2187 793 2223 erant
818 2210 832 2233 ,
863 2174 1230 2222 admirarentur.
1268 2171 1437 2238 Epulae
1463 2190 1588 2238 quo-

154 2297 159 2301 .
300 2260 395 2307 que
423 2243 746 2310 legationibus
775 2257 986 2306 paratae,
1024 2241 1076 2290 &L
1111 2241 1362 2305 opulentia
1394 2241 1447 2289 &
1477 2241 1587 2290 curii

222 2321 226 2323 ’
299 2311 494 2360 eadem.
514 2311 681 2378 Vulgo
705 2309 881 2357 di&um
913 2309 1053 2375 ipsius
1074 2308 1296 2358 ferebant
1318 2346 1332 2368 ,
1377 2308 1430 2357 &
1465 2326 1588 2357 con-

300 2381 486 2429 vivium
511 2378 739 2428 instruere
763 2378 811 2428 ὅ(
834 2377 975 2426 ludos
1008 2395 1175 2444 parare
1195 2415 1213 2437 ,
1253 2375 1468 2443 ejusdem
1493 2375 1586 2428 effe
1627 2411 1641 2416 a

299 2450 380 2514 qui
409 2450 603 2497 vincere
626 2448 758 2496 bello
793 2445 945 2495 sciret.

369 2515 609 2566 XXXIII.
645 2515 791 2564 Edito
825 2514 1008 2562 ludicro
1033 2514 1192 2562 omnis
1222 2515 1444 2581 generis,
1474 2513 1583 2579 cly-

298 2585 495 2651 peisque
520 2584 653 2634 aereis
686 2586 733 2632 in
765 2599 914 2631 naves
940 2581 1172 2648 impositis
1195 2598 1210 2642 3
1242 2597 1400 2631 cetera
1424 2584 1582 2632 omnis

363 2681 382 2724 3
408 2671 648 2727 Artificum,
680 2672 781 2715 Vid.
812 2682 904 2715 not.
940 2684 964 2713 2
988 2700 999 2720 ,
1039 2671 1139 2712 adl.
1177 2670 1250 2718 V,
1284 2683 1321 2713 c.
1359 2680 1399 2713 1.
