1670 3068
35 0 67 24 *r

259 99 622 155 LIBER
719 95 1037 155 XLIII.
1178 112 1295 176 357

4 172 150 234 nortus
172 195 456 246 oppugnare
475 217 488 238 ‚
521 177 571 227 &
604 175 1115 241 auxilia-Athamanum
1143 175 1296 226 Thes-
1313 193 1498 244 U·c-583·

6 255 368 317 iprotorumque
395 285 408 305 ‚
443 260 612 312 praeter
659 244 937 292 Romanum
983 246 1244 293 exercitum
1278 249 1498 303 ‚a.C.1(>9.
1533 283 1538 287 ,

8 315 80 366 iad
106 314 182 363 sex
214 315 361 363 millia
392 316 644 363 hominum
681 312 840 360 secum
871 311 1064 360 adduxit
1093 330 1102 357 :
1136 328 1294 376 neque

0 395 184 449 'operae
221 386 427 447 pretium
467 381 581 430 fecit
609 418 623 439 ‚
673 379 830 429 Cleva
866 417 880 439 ‚
921 381 1001 445 qui
1048 378 1230 427 relictus
1271 396 1298 426 a

13 448 199 501 *Perseo
230 464 328 497 erat
365 466 473 497 cum
506 449 664 496 valido
696 446 913 513 praesidio
936 485 949 506 ,
987 446 1300 495 defendente.

30 516 88 568 Et
125 515 318 564 Perseus
346 532 374 580 9
402 517 460 564 ad
498 514 754 581 Elymeam
783 513 1024 579 prot'eclus
1045 551 1059 574 ‚
1093 515 1145 562 ὃς
1176 515 1301 560 circa

13 601 135 635 «eam
154 582 599 632 exercitu'lustrato
630 620 643 641 ,
683 582 743 629 ad
769 583 979 630 Stratum
1015 581 1301 629 vocantibus

15 651 198 702 ..AEtolis
252 651 396 700 ducit.
453 650 634 699 Stratus
696 648 979 697 validissima
1029 665 1131 698 tum
1188 648 1300 696 urbs
1345 657 1511 712 Pastas

30 718 219 768 AEtoliae
246 733 379 779 erat3
411 717 495 767 fita
527 718 591 766 est
611 717 750 784 super
771 716 1080 765 Ambracium
1111 716 1260 764 smum
1287 720 1453 775 ‚frustra

29 802 183 853 prope
219 803 413 835 amnem
451 785 746 834 Acheloum.
784 782 910 833 Cum
946 785 1116 833 decem
1156 784 1303 832 milli-
1319 782 1494 823 Stratum

31 855 120 903 bus
155 852 368 919 peditum
421 855 481 903 eo
531 852 777 920 profectus
823 849 889 900 est
923 889 937 911 ,
977 852 1029 899 ὃ(
1065 852 1465 917 equitibustentat·

32 924 300 971 trecentis:
363 939 484 988 quos
531 924 783 987 pauciores
828 934 1030 986 propter
1074 917 1309 986 angustias

34 991 218 1039 viarum
257 988 304 1036 ἃ
336 991 635 1055 asperitatem
677 988 828 1037 duxit.
863 986 1033 1037 Tertio
1065 987 1139 1036 die
1163 1004 1311 1053 quum

34 1054 326 1123 pervenisset
360 1058 420 1105 ad
458 1056 638 1106 Citium
673 1070 895 1104 montem
920 1094 933 1115 ‚
956 1055 1038 1104 vix
1069 1053 1315 1121 transgres-

36 1123 109 1173 sus
145 1141 344 1190 propter
375 1126 677 1173 altitudinem
718 1124 840 1171 nivis
866 1160 880 1183 ‚
922 1124 1082 1171 locum
1119 1135 1314 1190 quoque

37 1190 196 1241 castris
243 1209 369 1258 aegre
420 1194 618 1241 invenit.
664 1189 910 1239 Profectus
944 1190 1057 1240 inde
1101 1227 1116 1248 ,
1167 1192 1318 1256 magis

42 1262 152 1326 quia
183 1276 376 1308 manere
414 1277 512 1308 non
538 1273 733 1324 poterat
756 1297 772 1318 ,
805 1258 949 1323 quam
984 1259 1116 1325 quod
1140 1259 1320 1307 tolera·

44 1327 152 1377 bilis
187 1343 267 1375 aut
292 1330 369 1376 via
398 1344 478 1376 aut
514 1326 774 1393 tempestas
807 1325 958 1386 esset,
995 1345 1102 1375 cum
1139 1327 1323 1393 ingenti

42 1398 330 1453 vexatione,
351 1396 590 1461 praecipue
611 1395 941 1460 jumentorum
960 1431 974 1454 ‚
996 1395 1145 1443 altero
1168 1395 1243 1442 die
1264 1393 1325 1441 ad

47 1463 287 1528 templum
307 1462 444 1512 Jovis
468 1502 481 1523 ‚
514 1480 658 1528 quem
683 1462 903 1511 Nicaeum
925 1478 1105 1511 vocant
1123 1500 1138 1523 ‚
1169 1461 1325 1528 posuit

49 1529 214 1579 castra.
263 1530 344 1579 Ad
387 1531 686 1581 Arachthum
732 1531 846 1579 inde
886 1530 1068 1579 flumen
1095 1569 1108 1591 ‚
1158 1532 1326 1578 itinere

52 1599 237 1665 ingenti
276 1598 471 1648 emenso
512 1636 525 1658 ,
574 1613 787 1647 retentus
837 1598 1084 1648 altitudine
1125 1599 1277 1646 amnis
1312 1634 1326 1657 ‚

64 1681 84 1713 1
110 1664 292 1714 mansit.
327 1666 445 1731 Quo
477 1666 629 1733 spatio
650 1668 883 1732 temporis
906 1681 1058 1731 ponte
1081 1665 1295 1731 perfecto
1314 1701 1330 1724 ‚

54 1734 282 1782 traduffis
308 1736 459 1800 copiis
480 1771 499 1793 ,
537 1735 632 1783 diei
666 1732 936 1800 progressus
970 1735 1060 1783 iter
1081 1771 1095 1792 ‚
1130 1734 1332 1782 obvium

59 1796 408 1850 Archidamum
432 1805 701 1868 principem
724 1802 1000 1850 AEtolorum
1023 1840 1037 1862 ‚
1072 1818 1158 1867 per
1185 1818 1334 1866 quem

52 1870 108 1918 ‘ei
127 1868 305 1919 Stratus
332 1870 608 1919 tradebatur
632 1908 646 1928 ,
673 1869 856 1919 habuit.
891 1868 962 1919 Eo
985 1869 1061 1919 die
1089 1870 1152 1918 ad
1184 1868 1331 1919 finem

63 1939 165 2005 agri
192 1937 342 1986 AEtoli
375 1937 516 1986 castra
546 1937 715 2005 pofita.

131 2004 294 2053 XXII.
326 2005 444 2055 Inde
476 2006 629 2054 altero
660 2006 738 2053 die
779 2005 838 2053 ad
872 2005 1084 2054 Stratum
1117 2021 1338 2071 perven-

69 2085 203 2120 tum:
235 2074 313 2120 ubi
348 2091 502 2139 prope
537 2074 809 2122 Acheioum
841 2090 1035 2122 amnem
1066 2072 1222 2123 castris
1247 2091 1342 2139 po·

65 2139 160 2189 fitis
183 2178 197 2198 ‚
227 2157 372 2205 quum
398 2141 688 2207 exspectaret
718 2139 891 2189 effusos
922 2141 1146 2190 omnibus
1191 2143 1340 2208 portis

55 2207 264 2256 ffAEtolos
295 2209 342 2256 in
379 2208 527 2257 fidem
563 2209 689 2258 suam
721 2222 953 2257 venturos
975 2247 988 2269 ‚
1028 2208 1201 2258 clausas
1225 2227 1343 2274 por-

60 2289 146 2324 tas
168 2313 182 2337 ,
211 2291 351 2343 atque
376 2314 390 2337 ,
419 2277 524 2344 ipsa
552 2278 607 2326 ea
641 2276 781 2326 nocie
813 2277 907 2343 qua
940 2292 1141 2327 venerat
1164 2314 1178 2337 ,
1212 2293 1349 2326 rece-

140 2399 164 2439 9
188 2388 506 2443 AdElymaeam]
527 2389 680 2430 Urbem
743 2387 881 2428 structa
924 2387 1011 2428 sunt
1037 2416 1050 2435 ‚
1092 2387 1249 2428 necesse
1295 2386 1350 2427 est

79 2447 350 2503 Elymiotidis.
746 2449 908 2490 omuino
943 2459 986 2489 ut
1025 2449 1158 2491 LiVius
1202 2449 1351 2489 indica-

149 2522 165 2549 ι
202 2510 371 2563 Manfit.
429 2509 518 2567 Quo
550 2507 684 2564 spatio
747 2511 852 2550 vetit
875 2537 886 2558 ,
925 2510 1122 2563 quodnam
1153 2510 1274 2551 fuerit
1310 2511 1355 2550 il-

81 2572 262 2626 temporis
283 2573 300 2625 ]
327 2571 514 2613 Profe&
531 2572 596 2611 hic
614 2573 689 2611 ali·
750 2572 819 2612 lud
841 2572 1003 2625 spatium
1027 2572 1219 2624 temporis
1239 2599 1249 2618 ‚
1273 2585 1354 2623 quo

87 2634 182 2686 quid
218 2633 341 2675 deest.
379 2634 438 2676 Ut
467 2634 572 2675 enim
601 2635 690 2676 haec
754 2633 892 2675 mansit
917 2646 990 2674 rex
1010 2633 1059 2675 ad
1075 2633 1341 2675 Arachthum.
