1670 3068
319 95 509 150 LIB
559 110 676 150 ER
772 92 1072 151 XLIV.
1206 113 1314 176 375·

45 173 244 233 accidit,
280 176 581 239 poenitentiae
612 174 884 239 relinquens
918 174 1099 222 locum.
1137 172 1316 225 Incau-
1338 193 1523 244 U-C·5533·

25 242 136 290 -tior
156 239 315 289 Nicias
341 241 484 290 Pellae
508 279 521 302 ,
553 240 858 308 projiciendo
891 257 911 307 5
951 243 1170 306 pecuniae
1199 260 1316 308 par-
1333 249 1526 299 a.C.169.

0 350 1 356 ,
43 320 139 358 tem
162 346 176 368 ,
213 309 347 375 quod
384 308 538 359 fuerat
575 310 739 359 naRus
773 327 784 358 ι
824 308 908 357 sed
938 310 989 357 in
1016 326 1121 358 rem
1153 326 1320 360 emen-

45 375 253 428 dabilem
286 375 409 425 visus
435 377 587 444 lapsus
609 377 702 427 effe
724 414 740 437 ,
778 376 910 444 qubd
936 393 1023 443 per
1051 378 1321 428 urinatores

43 460 186 493 omne
217 443 370 493 ferme
403 445 665 494 extraffiim
704 443 787 494 est.
833 443 1111 511 Tantusque
1157 447 1319 511 pudor

41 511 137 577 tegi
178 514 371 576 pavoris
404 512 505 576 ejus
537 512 655 573 fuit,
691 527 743 560 ut
767 514 1044 562 ⁴urinatores
1081 513 1204 561 clam
1241 516 1324 562 ¹in-

41 576 190 627 terfici
215 578 422 644 jusserit;
463 581 639 629 deinde
681 580 1012 628 Andronicum
1047 598 1243 647 quoque
1266 581 1318 630 &

40 643 209 695 Nician
228 683 243 703 ,
283 664 344 696 ne
374 650 478 713 quis
505 662 602 696 tarn
630 648 866 696 dementis
886 650 1075 712 imperii
1099 648 1315 699 conscius
1395 649 1529 693 Varfoe

40 711 295 764 exsisteret.
327 714 456 764 Inter
489 716 590 764 haec
626 714 687 765 C.
705 715 917 762 Marcius
941 733 1050 764 cum
1086 715 1224 765 classe
1254 717 1314 766 ab
1331 712 1440 752 urbes
1471 729 1495 753 ‘³

39 780 278 832 Heracleo
303 781 693 832 Thessalonicam
728 781 999 849 profefius,
1035 783 1087 832 &
1119 774 1467 851 agrum‚R⁰'⁷²·¹

38 849 250 917 pluribus
275 851 394 900 locis
421 852 646 918 expositis
664 869 749 917 per
774 853 929 899 littora
955 853 1149 900 armatis
1172 891 1186 911 ,
1219 833 1472 903 latefmstm

37 916 235 967 vastavit
268 936 284 979 3
335 919 385 968 &
428 934 769 986 procurrentes
805 920 864 968 ab
897 919 1018 968 urbe
1041 957 1060 978 ‚
1095 919 1315 970 secundis
1330 909 1508 941 ‘mma‘

37 986 220 1052 aliquot
253 989 427 1052 praeliis
466 987 683 1054 trepidos
719 990 841 1037 intra
885 988 1066 1036 moenia
1099 1005 1314 1055 compu-

37 1051 125 1102 lit:
157 1052 354 1122 jamque
387 1054 473 1121 ipsl
514 1057 615 1105 urbi
649 1056 870 1104 terribilis
913 1070 1012 1103 erat
1034 1092 1048 1115 ,
1094 1071 1127 1118 7
1162 1073 1312 1122 quum

38 1120 271 1187 dispositis
311 1127 468 1172 omnis
511 1124 701 1191 generis
737 1124 1027 1182 tormentis,
1065 1141 1164 1172 non
1204 1128 1318 1194 vagi

37 1191 188 1237 modo
235 1190 357 1240 circa
403 1210 564 1240 muros
597 1208 780 1241 temere
820 1192 1271 1258 appropinquantes
1302 1231 1318 1254 ‚

35 1256 116 1307 sed
153 1260 298 1307 etiam
332 1261 410 1325 qui
431 1262 480 1308 in
503 1263 705 1309 navibus
735 1275 910 1320 erant„
941 1258 1058 1307 saxis
1095 1278 1320 1310 tormen-

36 1338 90 1374 to
115 1328 428 1376 emicantibus
447 1366 460 1387 ‚
497 1328 901 1393 percutiebantur.
937 1326 1199 1376 Revocatis
1225 1330 1321 1395 igi-

35 1405 110 1441 tur
135 1396 183 1441 in
215 1413 361 1443 naves
390 1397 616 1444 militibus
638 1434 652 1457 ‚
686 1394 947 1460 omissfique
966 1394 1319 1445 Thessalonicae

35 1465 402 1528 oppugnatione
425 1501 438 1523 ‚
460 1464 649 1512 AEriam
674 1463 787 1511 inde
808 1478 976 1529 petunt
999 1479 1012 1521 ·,
1039 1463 1319 1529 quindecim

36 1531 182 1577 millia
204 1530 416 1596 passuum
435 1549 489 1579 ea
509 1533 619 1580 urbs
649 1530 778 1581 abest
797 1568 812 1589 ‚
841 1532 1070 1579 adversus
1092 1530 1320 1597 Pydnam

35 1597 187 1662 posita
212 1634 226 1658 ,
274 1599 415 1647 fertili
460 1618 592 1666 agro,
641 1597 921 1648 Pervastatis
961 1597 1135 1646 finibus
1169 1598 1272 1664 ejus
1301 1638 1317 1659 ,

34 1665 253 1732 legentes
291 1685 426 1715 oram
456 1705 469 1727 ,
513 1667 843 1734 Antigoneam
884 1670 1177 1731 perveniunt
1212 1685 1222 1716 :
1254 1667 1322 1715 ibi

35 1732 200 1799 egreffi
225 1736 271 1781 in
295 1750 469 1783 terram
491 1773 504 1794 ‚
536 1736 693 1801 primo
715 1735 765 1783 ὃς
786 1734 1026 1782 vastarunt
1051 1752 1192 1802 agros
1215 1735 1325 1801 pas-

33 1800 116 1850 fim
139 1838 154 1861 ‚
186 1802 237 1850 &
271 1804 566 1869 aliquantum
602 1803 779 1870 praedae
801 1803 1110 1851 contulerunt
1145 1803 1204 1852 ad
1233 1821 1323 1851 na-

32 1886 151 1928 ves;
182 1870 295 1919 dein
320 1872 508 1937 palatos
529 1888 615 1920 eos
635 1872 791 1920 adorti
811 1869 1113 1920 Macedones
1142 1908 1156 1931 ‚
1191 1870 1320 1920 missi

97 1970 117 2007 5
144 1954 320 1997 Pecuniae
335 1970 512 2011 partem,
537 1959 644 2012 quod
705 1958 895 2012 periodus
948 1959 1100 1999 habere
1153 1958 1321 1998 videtur

27 2015 163 2071 fuerat
207 2018 338 2058 naeus
370 2018 385 2071 ]
438 2019 641 2060 Posterius
706 2019 854 2073 aliquid
885 2020 1230 2074 obscuripropter
1260 2020 1317 2060 ni·

32 2080 251 2119 membrum
281 2078 474 2134 expositio
505 2081 546 2121 &
575 2094 642 2121 ex·
705 2082 820 2121 miam
873 2082 1129 2121 brevitatem.
1172 2081 1320 2121 Sensus

32 2140 211 2196 planatio
256 2141 309 2181 est
356 2142 640 2194 praecedentis.
707 2142 788 2184 est:
811 2142 970 2197 jamque
993 2142 1061 2197 ipsi
1087 2143 1174 2183 urbi
1203 2143 1319 2182 terri-

33 2202 213 2243 Pecuniae
258 2215 440 2257 partem,
491 2204 643 2245 scilicet
705 2204 794 2245 bilis
838 2216 925 2245 erat
960 2232 971 2252 ,
1021 2220 1142 2258 quum
1184 2203 1316 2245 subito

31 2263 74 2303 id
100 2261 345 2318 quod-fuerat
374 2265 518 2306 naeus.
706 2266 897 2306 conversa
919 2267 971 2306 est
998 2280 1130 2306 rerum
1155 2265 1277 2305 facies
1301 2294 1316 2313 ,

92 2325 118 2364 6
136 2324 185 2365 In
217 2341 293 2365 rem
311 2327 639 2367 emendabilem...
706 2326 899 2380 dispofitis
921 2328 1035 2382 super
1054 2328 1162 2367 urbis
1181 2341 1318 2367 muros

32 2384 163 2441 lapsus
180 2386 282 2441 eſje]
312 2387 547 2428 Gronovius
567 2388 636 2436 ,in
705 2391 948 2438 tormentis,
991 2389 1133 2442 quibus
1172 2388 1319 2428 Rorna-

33 2461 198 2488 errorem
230 2450 522 2490 emendabilem.
703 2451 742 2490 ni
765 2479 777 2496 ,
811 2452 849 2491 ὅ(
881 2451 921 2490 in
943 2452 1046 2503 agris
1069 2478 1080 2498 ,
1110 2450 1148 2490 ὅ(
1172 2449 1208 2489 in
1229 2449 1320 2502 ipfis

92 2523 117 2560 7
149 2509 276 2568 Quzim
296 2508 639 2564 difivofitis'omnis
704 2526 866 2565 quoque
901 2513 1069 2551 navibus
1109 2512 1317 2563 percutie-

30 2576 180 2626 generis
211 2573 411 2612 tormentis
438 2585 448 2624 ,ι
494 2573 559 2614 Ab
591 2573 638 2613 iis
703 2574 861 2613 bantur.
893 2573 1035 2627 Iraque
1055 2572 1234 2615 absistere
1255 2573 1314 2613 in»

35 2632 99 2686 qui
141 2632 181 2672 in
217 2635 315 2677 urbe
361 2645 490 2676 erant,
527 2635 635 2675 Tota
704 2646 825 2690 cepto
855 2634 978 2675 coafti
1005 2634 1112 2677 sunt,
