1670 3068
291 107 408 162 422
538 89 848 160 ‚T1T1
934 89 1273 149 Lrviz

91 181 555 235 U.c.5‘34‚utcumque
599 169 959 237 praetermiffum
998 173 1218 219 revocari
1261 186 1360 218 non
1397 164 1570 233 posset.

92 238 280 280 ‘QG-165·
300 237 375 286 Ac
416 255 476 286 ne
508 237 592 286 illo
629 238 729 304 ipso
766 241 962 305 quidem
997 240 1073 286 ciie
1095 275 1109 296 ‚
1136 254 1214 286 aut
1239 236 1431 285 consule
1451 273 1465 294 ‚
1491 249 1570 283 aut

297 321 413 371 rege
443 323 457 365 ;
485 304 668 373 [rege]
691 345 704 365 ‚
741 308 873 373 quod
911 323 1003 354 nec
1043 303 1186 353 fessos
1236 320 1287 352 ut
1328 303 1481 370 pridie
1514 318 1574 350 ex

302 375 408 432 via,
439 391 597 440 neque
630 375 922 438 trepidantes
961 375 1010 421 in
1045 375 1145 422 acie
1172 371 1444 420 instruenda
1465 407 1480 429 .,
1524 369 1575 417 &

299 441 503 490 vixdum
544 440 875 506 compositos,
910 439 1204 507 aggressurus
1230 454 1367 499 erat;
1402 436 1577 486 consu-

299 507 380 567 le,
417 509 550 575 quod
588 510 635 555 in
665 510 810 558 novis
845 508 1000 557 castris
1032 527 1133 558 non
1157 508 1286 574 ligna
1309 545 1322 566 ‚
1362 523 1464 554 non
1486 523 1578 570 pa-

299 574 466 625 bulum
503 575 791 625 conve8mm
826 592 924 624 erat
959 615 973 638 ,
1023 575 1085 624 ad
1127 594 1230 642 quae
1265 574 1477 641 petenda
1517 589 1577 621 ex

299 645 587 710 propinquis
619 646 742 710 agris
772 661 947 710 magna
982 662 1089 710 pars
1121 644 1327 691 militum
1363 642 1388 690 ὲ
1422 639 1578 689 castris

300 714 484 760 exierat
505 747 519 771 ,
555 727 728 760 neutro
759 714 1109 776 imperatorum
1131 711 1328 760 volente
1355 747 1370 770 ,
1402 709 1581 758 Fortu-

149 797 362 842 cma‚na
389 817 403 838 ,
443 798 549 846 quae
583 780 687 844 plus
725 780 930 829 consiliis
973 779 1191 828 humanis
1236 778 1390 845 pollet
1418 815 1434 839 ‚
1468 793 1580 826 con-

94 876 179 902 ηιεη
198 861 287 915 casu
304 849 444 896 traxit
477 862 740 897 certamen.
784 848 991 896 Flumen
1021 862 1121 897 erat
1149 847 1277 895 haud
1311 862 1540 912 magnum
1563 881 1579 905 ‚

75 917 503 982 ‘contrahi-propius
535 916 739 964 hostium
773 915 929 964 castris
952 954 967 976 ‚
1007 933 1066 965 ex
1087 933 1185 981 quo
1208 915 1259 963 ὃ(
1280 914 1584 973 Macedones

95 996 174 1026 lur-

304 984 354 1032 &
385 983 599 1031 Romani
632 984 929 1051 aquabantur
963 1022 977 1044 ,
1018 982 1243 1050 praesidiis
1282 1000 1341 1032 ex
1383 997 1590 1048 utraque
1620 1000 1622 1002 ’

304 1053 409 1116 ripa
438 1050 633 1117 positis,
671 1069 720 1101 ut
754 1053 805 1101 id
848 1051 1004 1101 facere
1040 1053 1145 1101 tuto
1195 1050 1400 1118 possent.
1456 1049 1582 1097 Duae

304 1121 532 1168 cohortes
572 1138 597 1167 a
634 1134 768 1184 parte
799 1119 1137 1169 Romanorum
1178 1133 1352 1178 erant,
1389 1117 1586 1166 Marru-

306 1190 412 1236 cina
432 1225 446 1248 ‚
483 1188 535 1236 &
565 1187 786 1255 Peligna:
819 1189 923 1238 duae
954 1204 1121 1237 turmae
1143 1185 1427 1236 Samnitium
1450 1189 1585 1252 equi-

303 1269 407 1304 tum
427 1293 442 1315 ‚
468 1257 639 1321 quibus
669 1272 868 1323 praeerat
895 1255 968 1305 M.
988 1256 1181 1324 Sergius
1212 1256 1334 1305 Silus
1372 1256 1588 1321 legatus:

307 1324 362 1372 &
398 1325 523 1372 aliud
564 1342 649 1390 pro
687 1324 845 1374 castris
878 1324 1105 1374 stativum
1134 1339 1235 1373 erat
1270 1323 1536 1390 praesidium
1570 1360 1585 1381 ‚

306 1391 390 1439 sub
411 1391 471 1441 C.
494 1391 674 1441 Cluvio
695 1394 854 1461 legato
872 1431 887 1453 ‚
920 1408 1016 1442 tres
1047 1394 1300 1452 cohortes,
1328 1392 1548 1440 Firmana
1571 1428 1585 1451 ,

305 1459 505 1508 Vestina
526 1498 539 1520 ‚
571 1459 917 1511 Cremonensis
947 1478 965 1521 3
997 1461 1102 1509 duae
1134 1475 1303 1509 turmae
1328 1462 1545 1526 equitum
1574 1496 1589 1517 ,
1629 1503 1631 1506 Α

308 1527 587 1578 Placentina
631 1530 684 1578 ὅ(
710 1529 971 1579 AEsernina.
1009 1529 1180 1594 Quum
1217 1531 1370 1577 otium
1399 1528 1459 1575 ad
1490 1528 1588 1575 flu-

310 1613 425 1645 men
459 1595 602 1656 esset,
635 1601 814 1646 neutris
849 1596 1182 1646 laceffentibus
1207 1635 1220 1656 ‚
1258 1597 1376 1646 hora
1402 1597 1587 1644 circiter

309 1666 441 1713 nona
473 1664 742 1729 jumentum
770 1684 797 1715 e
827 1667 1044 1714 manibus
1075 1666 1105 1715 6
1144 1668 1409 1714 curantium
1445 1665 1591 1729 elap-

309 1733 412 1782 sum
435 1770 449 1792 ,
481 1736 529 1781 in
555 1734 836 1783 ulteriorem
872 1737 1025 1800 ripam
1049 1732 1215 1800 effugit
1241 1749 1256 1792 ;
1286 1733 1420 1800 quod
1444 1749 1590 1798 quum

311 1818 401 1867 per
433 1820 606 1867 aquarn
625 1801 779 1851 ferme
809 1820 936 1868 genu
967 1819 1103 1851 tenus
1127 1804 1269 1850 altam
1300 1817 1395 1850 tres
1414 1818 1444 1864 7
1470 1801 1594 1848 mili-

312 1884 385 1918 tes
400 1868 713 1935 sequerentur
732 1909 746 1930 ‚
774 1870 802 1919 8
819 1870 1029 1920 Thraces
1053 1871 1151 1918 duo
1176 1871 1221 1918 id
1240 1868 1511 1933 jumentum
1534 1885 1593 1919 ex

312 1937 480 1986 medio
514 1939 658 1987 alveo
693 1940 742 1986 in
772 1938 901 1987 suam
927 1942 1080 2005 ripam
1105 1939 1346 1986 traherent
1381 1955 1396 1996 3
1440 1937 1593 1986 altero

312 2021 344 2071 9
369 2022 539 2054 eorum
563 2005 724 2055 occiso
742 2044 755 2066 ‚
778 2024 1081 2073 receptoque
1113 2023 1174 2055 eo
1195 2005 1419 2072 jumento
1437 2043 1451 2065 ‚
1484 2021 1509 2070 1·
1536 2004 1596 2053 ad

312 2072 570 2123 stationem
602 2074 795 2123 suorum
823 2075 867 2124 se
908 2075 1221 2142 recipiebant.
1271 2071 1596 2140 Ociingento-

313 2158 421 2190 rum
453 2140 698 2191 Thracum
729 2142 999 2208 praefidiurn
1025 2147 1070 2191 in
1102 2141 1306 2191 hostium
1333 2143 1435 2208 ripa
1465 2155 1596 2200 erat·‚

317 2226 379 2258 ex
414 2209 486 2258 his
522 2212 663 2274 pauci
704 2213 863 2276 primo
905 2229 1030 2278 aegre
1071 2209 1187 2276 paffi
1223 2211 1510 2276 popularem
1548 2211 1597 2257 in

315 2276 400 2326 suo
437 2277 691 2344 conspe&u
721 2279 887 2328 caesum
911 2317 926 2341 ‚
967 2280 1026 2328 ad
1054 2278 1415 2346 persequendos
1447 2279 1598 2326 inter-

380 2389 406 2430 6
429 2391 652 2430 curantium
674 2397 682 2403 ’
702 2390 925 2432 Hominum
1050 2404 1075 2445 9
1098 2392 1244 2432 Eorum
1256 2391 1279 2445 ]
1308 2391 1533 2432 Thracum.

318 2451 371 2493 de
396 2464 509 2504 parte
546 2453 742 2492 Romana.
1057 2467 1071 2494 1
1097 2453 1388 2503 Adstationem
1400 2449 1595 2506 suorum}

380 2527 407 2564 7
427 2513 609 2567 Milites]
645 2514 833 2555 Romani.
989 2514 1096 2555 Tres
1124 2515 1181 2555 illi
1198 2515 1370 2558 Romani
1389 2508 1601 2567 militesfe

381 2575 407 2614 8
440 2574 606 2615 Thraces
633 2577 738 2630 duo]
780 2577 928 2619 Nlace·
990 2577 1251 2634 recipiebant,

322 2636 561 2678 (ionicorum.
588 2639 844 2682 auxiliorum.
