1670 3068
347 85 704 145 Lrsstzn
799 70 1018 149 XLI.

41 159 184 216 edixit
212 179 224 212 t
261 165 359 228 Qui
381 164 500 228 fhcii
527 186 581 214 ac
616 169 813 216 nominis
846 172 1042 233 Latini,
1081 175 1170 239 ipfi

1193 115 1296 173 191

1203 197 1298 226 ΠΜ·
1314 194 1505 247 U.c.575.

26 231 196 302 joresve
230 250 404 291 eorum,
439 236 512 281 M.
539 237 730 284 Claudio
751 274 767 294 ‚
803 240 852 285 T.
889 241 1083 303 Quintio
1115 244 1504 307 cerzfhri-a.kj.177.

39 300 119 348 hus
145 336 162 357 ,
198 301 383 365 postque
421 320 508 359 ea,
542 306 670 368 apud
695 302 849 367 sbcios
888 310 1088 355 nominis
1135 313 1298 362 Latini

39 367 152 430 censi
168 364 299 429 cffi’nt
318 405 336 426 ,
374 383 423 415 ut
454 386 603 417 omnes
623 373 670 418 in
691 370 824 435 fitam
854 373 1036 439 quisqtte
1067 379 1297 429 civitatem

38 448 137 482 ante
153 434 396 481 Kalendas
414 438 684 486 Novembris
706 442 903 489 redirent.
933 443 1150 507 Quaestio
1172 484 1186 505 ,
1215 450 1298 513 qui

33 502 94 550 ita
122 518 218 549 non
247 501 467 551 redissent
488 541 505 562 ,
542 504 595 552 L.
627 506 867 556 Mummio
891 514 1084 573 praetori
1103 514 1299 564 decreta

35 567 114 618 est.
150 567 229 616 Ad
261 569 421 635 legem
460 572 510 619 &
540 573 747 622 edictum
770 575 972 624 consulis
995 578 1300 631 senatuscon-

34 635 198 685 sultum
229 635 469 701 adjeAEium
503 638 570 687 est
608 658 617 687 :
665 642 692 690 8
734 645 800 690 Ut
835 646 1062 704 difflator,
1103 649 1294 713 consul,

36 706 253 761 interrex,
284 704 464 768 ceanr,
501 722 693 772 prator,
730 712 809 774 qui
842 726 949 759 tunc
983 712 1082 776 eſjet
1107 754 1121 774 ,
1172 722 1301 784 apud

35 789 175 820 eorum
198 789 322 836 quem
358 772 507 840 (qui)
541 779 920 826 manumitteretur
936 818 953 838 ,
981 784 1029 829 in
1053 783 1296 835 libertatem

35 840 362 898 vindicaretur,
393 857 443 887 ut
459 840 784 908 jusjurandum
803 848 953 905 daret,
981 852 1058 914 qui
1082 871 1177 900 eum
1203 873 1299 902 ma-

37 907 278 954 numitteret
299 945 317 965 ,
364 910 569 958 civitatis
600 915 823 960 mutandae
855 919 999 964 causa*
1035 937 1172 968 mann
1206 941 1297 970 non

36 975 227 1022 mittere.-
254 977 335 1040 qui
364 975 413 1023 id
447 995 546 1026 non
576 976 782 1041 juraret,
817 997 927 1030 eum
961 991 1302 1038 manumitten-

30 1040 146 1090 dum
173 1048 280 1090 'non
315 1044 611 1096 censuerunt.
647 1048 766 1097 Haec
801 1050 847 1095 in
886 1052 1130 1115 posterum
1167 1058 1301 1105 causa

33 1106 232 1175 jurisque
259 1110 400 1159 diffio
439 1111 499 1161 C.
541 1113 748 1164 Claudio
787 1118 963 1168 consuli

96 1400 119 1440 8
143 1400 201 1441 Ut
230 1403 398 1443 diffator
417 1432 430 1449 ,
465 1403 633 1460 consul]
700 1419 820 1463 atque
838 1411 942 1464 apud
956 1426 1084 1452 eorum
1111 1414 1276 1469 aliquem
1293 1445 1305 1466 ,

1001 1121 1197 1172 decreta
1218 1126 1301 1174 est.
1364 1154 1442 1200 Res
1468 1156 1510 1201 ἱ),

99 1176 162 1225 Χ.
195 1176 330 1226 Dum
353 1180 454 1228 haec
475 1180 646 1230 Romae
667 1200 893 1250 geruntur
912 1225 925 1246 ‚
966 1188 1040 1237 Μ.
1065 1190 1229 1240 Junius
1251 1195 1301 1243 &
1317 1216 1512 1275 Istriage-

37 1242 101 1294 A.
126 1243 334 1295 Manlius
359 1285 374 1306 ,
406 1251 487 1314 qui
513 1253 673 1315 priore
696 1269 823 1301 anno
847 1255 1060 1306 consules
1082 1258 1271 1310 fuerant
1288 1279 1374 1329 ,με
1390 1282 1512 1322 aRo-

33 1329 175 1380 quum
216 1313 452 1382 Aquileiae
490 1319 809 1370 hibernassent
843 1359 858 1380 ,
900 1327 1139 1392 principio
1177 1334 1302 1380 veris
1316 1342 1458 1387 manis.

32 1459 166 1515 Hujus
186 1463 512 1506 senatusconsulti
531 1469 637 1508 hunc

33 1522 112 1564 effe
147 1524 295 1564 sensum
335 1527 530 1568 credimus
553 1557 563 1576 ‚
596 1541 640 1569 ut

37 1585 103 1638 qui
145 1588 494 1630 manumitteretur
526 1617 537 1636 ,
573 1592 640 1631 vel

37 1646 76 1686 in
103 1646 331 1688 libertatem
371 1650 639 1692 vindicaretur

38 1708 140 1761 apud
157 1709 327 1763 aliquem
347 1712 609 1766 magistratum
627 1742 637 1762 ,

32 1779 134 1824 φατε
165 1771 395 1812 ἀὶὲὶειτοτεηῑ
414 1801 424 1819 ,
457 1776 521 1815 vel
542 1789 642 1816 con·

40 1830 160 1872 sulem
180 1861 190 1879 ,
223 1834 286 1872 vel
313 1835 542 1884 censorem,
576 1839 642 1877 vel

42 1891 281 1948 interregem
296 1923 308 1939 ‚
330 1897 394 1936 vel
411 1909 640 1950 praetorem,

43 1954 107 2006 qui
138 1966 232 1995 tunc
264 1956 389 2003 effer,
411 1958 447 1998 id
470 1960 550 2005 est,
576 1961 643 2014 qui

44 2028 204 2057 munere
255 2018 465 2060 diastatorio
503 2048 515 2067 ,
575 2024 642 2062 vel

45 2077 263 2128 consulari,
292 2080 373 2120 δίε.
406 2082 642 2137 fungeretur

47 2150 94 2177 eo
112 2149 293 2193 tempore
325 2156 405 2195 quo
426 2158 643 2199 peragere·

48 2208 107 2240 tur
130 2201 369 2243 manumissio
387 2231 398 2251 ‚
429 2216 470 2244 ut
498 2206 527 2245 is
547 2234 558 2253 ,
587 2207 643 2246 in·

49 2273 157 2313 quarn
181 2289 192 2309 ,
235 2263 300 2316 qui
343 2268 642 2309 manumittere·

26 2329 27 2343 ³
50 2331 107 2360 tur
133 2349 144 2370 ,
186 2322 457 2377 jusjurandum
495 2329 608 2369 daret
628 2358 639 2378 ,

23 2422 25 2426 ,
51 2395 124 2422 non
148 2397 233 2424 eam
268 2385 344 2425 esse
372 2399 544 2429 mentem
565 2406 640 2430 ma·

27 2463 30 2466 >
53 2444 292 2488 ,inminentis
313 2475 324 2494 ‚
355 2459 397 2488 ut
442 2449 522 2503 ipse
546 2479 557 2498 ,
604 2452 643 2492 id

54 2502 103 2542 est
138 2532 150 2552 ,
199 2507 231 2548 is
278 2509 344 2562 qui
394 2512 642 2554 manumitte-

55 2565 185 2616 batur‚
224 2569 424 2611 civitatem
456 2585 642 2615 mutaret.

3 2621 26 2666 ἦ
57 2625 167 2682 Apud
188 2642 313 2672 eorum
342 2647 448 2688 quem
467 2634 570 2676 idem
592 2636 646 2679 est

703 1484 848 1523 nempe
889 1474 994 1524 apud
1030 1475 1201 1529 aliquem
1236 1493 1310 1518 eo·

703 1546 790 1571 rum
823 1533 1117 1586 magistratuum
1143 1539 1208 1591 qui
1241 1540 1312 1581 ini·

704 1594 763 1632 tio
799 1595 992 1636 nominati
1026 1597 1129 1640 sunt.
1165 1601 1312 1655 Neque

704 1654 744 1693 id
775 1668 924 1694 moram
963 1657 1098 1699 facere
1134 1660 1255 1703 debet
1297 1692 1310 1713 ‚

704 1715 811 1768 qubd
838 1717 885 1755 ab
919 1732 971 1758 eo
1009 1721 1075 1773 qui
1106 1726 1314 1766 manumit-

704 1779 835 1825 titur,
874 1777 1151 1834 jusjurandum
1191 1787 1316 1841 exigi·

706 1850 771 1879 tur
808 1841 857 1880 de
900 1845 1115 1884 menter&
1149 1848 1314 1890 consilio

706 1903 1041 1946 manumittentis.
1063 1906 1165 1947 Nam
1186 1910 1314 1962 prim&

707 1961 762 2002 ita
795 1963 831 2003 se
861 1979 945 2005 rem
975 1967 1148 2009 habuisse
1168 1970 1314 2013 inviffe

706 2025 880 2077 probant
911 2041 957 2067 ea
1001 2033 1313 2084 quae‘proxime

706 2085 923 2140 sequuntur
964 2091 1086 2130 verba
1118 2104 1128 2132 ε
1164 2095 1227 2147 qui
1270 2096 1316 2135 id

705 2162 782 2186 non
795 2162 946 2199 Iuraret
966 2178 977 2196 ,
1009 2165 1091 2191 eum
1109 2156 1330 2196 manmit--

706 2210 859 2249 tendum
871 2226 947 2251 non
967 2210 1206 2267 censicerunt.
1225 2216 1312 2259 Jam

704 2269 803 2310 verb
821 2302 832 2321 ,
854 2287 972 2326 quum
989 2274 1054 2313 illa
1072 2275 1202 2322 fraus,
1223 2293 1311 2332 quae

704 2331 784 2372 hoc
805 2332 844 2372 ς.
875 2333 924 2374 C.
947 2346 1140 2385 cavetur,
1173 2338 1210 2378 in
1230 2354 1312 2379 ma·

705 2393 853 2433 numiffi
895 2396 1095 2450 praecipue
1134 2413 1312 2441 commo-

707 2455 797 2494 dum
827 2457 1021 2504 cederet,
1044 2459 1109 2498 ille
1141 2461 1312 2502 habeba-

707 2525 771 2555 tur
803 2517 928 2558 totius
961 2520 1018 2558 rei
1053 2534 1172 2574 caput
1203 2536 1214 2563 z
1254 2534 1314 2564 at-

707 2591 784 2631 que
820 2579 914 2618 ideo
948 2581 994 2618 ab
1027 2593 1078 2624 eo
1108 2581 1316 2640 jusjurang

709 2638 800 2681 dum
836 2640 1025 2698 exigitur.
