1670 3068
298 109 395 179 526
551 108 890 160 INDEX
960 108 1347 164 RERUM.

348 180 428 230 eius
449 178 611 219 censurae
633 186 715 219 acta
734 211 744 229 ,
770 181 865 222 ibid.
889 180 925 219 6-
949 193 1012 231 ις.
1030 193 1300 222 (mitentroncs
1325 193 1414 222 cum
1432 182 1586 225 tribuno

345 233 469 288 plebis
489 231 530 273 l’.
553 232 698 273 Rutilio
717 264 728 281 ‚
757 235 819 276 16.
845 234 925 286 ejus
950 234 1053 274 bona
1070 236 1341 276 consecrantur
1361 249 1381 276 a
1403 237 1553 279 tribuno
1570 267 1584 284 ‚

345 288 443 329 ibid.
464 288 500 328 ei
521 288 561 327 ὃ(
583 287 740 341 collegae
760 289 841 330 dies
862 290 998 330 dicitur
1019 288 1066 329 ad
1103 290 1286 343 populum
1301 320 1312 338 ,
1342 290 1438 333 ibid.
1464 291 1586 334 colle-

345 354 431 396 gam
452 341 575 383 servat
593 372 602 389 ‚
619 341 780 392 jurando
800 343 836 383 se
855 344 890 384 ei
912 344 1096 384 comitem
1128 342 1243 385 exsilii
1261 342 1426 386 futurum
1446 375 1457 393 ,
1485 347 1584 390 ibid.

352 396 445 438 Vid.
469 397 505 436 Θ
523 394 670 446 XLIV,
697 396 760 437 16.
782 396 981 439 libertinos
1001 398 1037 438 in
1059 409 1171 439 unam
1191 399 1331 440 tribum
1352 399 1583 454 Esquilinam

346 451 532 504 conjicit,
553 449 679 498 XLV,
708 462 772 500 15,

289 506 367 549 Cn.
384 506 561 548 Servilius
576 505 728 560 Caepio,
749 505 925 559 pontifex
938 540 947 555 ,
961 505 1174 559 pestilentia
1189 508 1369 555 moritur,
1389 506 1496 559 XLI,
1515 523 1581 551 21.

288 561 366 606 Cn.
394 559 576 603 Servilius
594 559 730 613 caepio
752 571 913 613 praetor,
935 560 1047 606 XLI,
1070 574 1134 601 21.
1154 561 1300 612 legatus
1322 563 1367 603 ad
1389 575 1448 604 res
1466 576 1579 618 repe-

342 616 476 658 tendas
498 615 533 654 in
554 612 830 656 MacedonIam
849 615 972 658 missus
988 645 1002 662 ‚
1023 615 1147 661 redit,
1167 615 1298 669 XLII,
1322 629 1390 670 25.
1427 629 1579 661 creatur

341 669 500 718 consul,
519 667 676 713 XLIII,
696 681 763 711 11.

283 725 456 820 SegngidtIiIS
492 724 729 766 Achaeorum
764 723 931 779 fugitiviS
963 724 1257 781 receptaculum
1292 725 1528 769 Macedonia
1561 756 1577 775 ‚

442 809 453 828 ‚
484 790 509 819 2
541 808 552 818 .

282 836 359 878 Cn.
377 789 535 877 sicinini.
550 864 562 882 ‚
582 838 725 887 praetor
742 865 753 884 ,
775 832 908 887 XLII,
930 835 1027 887 9.⁷in
1046 834 1224 891 Apuliam
1247 835 1404 877 mittitur
1424 835 1471 878 ad
1493 837 1576 879 col-

336 888 509 944 ligendas
549 887 717 929 locustas
738 921 748 938 ,
793 902 856 930 10.
899 890 1050 932 obtinet
1097 890 1372 932 Macedoniam
1418 893 1578 945 provin-

336 948 436 987 ciam
456 975 467 993 ,
486 953 699 997 prorogato
723 944 758 984 in
785 955 925 985 annum
945 946 1109 1000 imperio
1129 975 1142 992 ‚
1170 958 1236 998 27.
1259 945 1457 1000 paludatus
1483 959 1577 1002 pro-

337 1000 516 1041 ficiscitur
534 1009 583 1039 ex
600 998 695 1039 urbe
713 1026 724 1042 ,
746 998 843 1042 ibid,

279 1053 411 1110 Spolia
429 1053 595 1095 hostium
613 1051 739 1093 dicata
762 1052 904 1099 Marti,
924 1052 1112 1099 Minervae
1131 1088 1143 1109 ,
1163 1054 1330 1111 Luaeque
1350 1054 1466 1097 Matri
1484 1087 1496 1108 ,
1530 1056 1573 1099 ὃ(

335 1109 514 1151 succensa
534 1138 546 1156 ‚
563 1105 668 1147 XLV
688 1140 698 1158 ‚
725 1119 791 1160 33.

281 1163 510 1206 Statiellates
529 1160 686 1216 Ligures
716 1171 919 1204 vincuntur
938 1175 958 1204 a
993 1161 1202 1216 Romanis,
1234 1162 1340 1206 XLII
1359 1193 1372 1210 ‚
1409 1177 1448 1217 7.
1475 1177 1574 1206 ven-

335 1219 472 1260 duntur
489 1231 509 1259 a
531 1217 610 1258 cos.
629 1216 692 1258 sed
713 1230 733 1257 a
754 1217 883 1259 senatu
910 1216 1088 1270 jubentur
1117 1221 1250 1262 redimi
1272 1251 1283 1270 ,
1301 1219 1342 1260 8.
1377 1219 1573 1262 caeduatur

333 1274 471 1315 iterum
489 1271 537 1313 ab
558 1271 616 1311 M.
636 1271 801 1326 Popillio
815 1303 826 1322 ,
846 1285 915 1317 21.
934 1273 982 1314 de
1002 1274 1045 1315 iis
1064 1276 1217 1328 rogati0
1231 1307 1242 1326 ,
1262 1273 1359 1316 ibid.
1378 1275 1412 1315 in
1433 1286 1570 1317 eorum

333 1330 492 1383 gratiam
511 1326 868 1367 senatusconsultum
886 1356 896 1371 ‚
917 1341 984 1369 22.

274 1382 404 1478 Statula
429 1391 561 1424 aurata
601 1383 774 1423 omniurn
808 1384 847 1423 in
886 1381 998 1423 Italia
1027 1382 1147 1436 prima
1174 1383 1385 1426 Glabrioni
1414 1383 1534 1439 posita
1553 1414 1566 1436 ‚

332 1438 370 1478 X
415 1469 425 1485 ,
516 1469 527 1480 .
1591 1468 1593 1476 2

276 1493 328 1536 C.
348 1449 532 1547 Sulpiciiis
551 1492 711 1541 Gallus,
730 1500 882 1534 creatur
910 1500 1071 1545 praetor,
1103 1490 1257 1541 XLIII,
1285 1505 1347 1534 11.
1378 1491 1568 1535 delectum

332 1548 470 1594 habet,
496 1560 560 1598 14.
584 1549 632 1590 ab
653 1558 705 1588 eo
736 1547 776 1588 &
800 1548 950 1600 collega
972 1545 1032 1588 M.
1059 1546 1225 1588 Claudio
1260 1547 1392 1590 consul
1425 1549 1569 1602 accipit

328 1602 504 1659 legiones
526 1634 538 1652 ,
562 1617 625 1655 15.
647 1602 748 1644 idem
769 1600 906 1643 Gallus
924 1602 1093 1642 tribunus
1114 1602 1273 1643 militum
1306 1601 1478 1645 secundae
1511 1604 1567 1645 le·

325 1660 451 1754 giffiiis
469 1655 813 1712 praedicitEclipsm
830 1656 966 1707 Lunae,
982 1654 1107 1698 XLIV
1124 1688 1135 1708 ,
1153 1667 1220 1708 37.
1237 1668 1390 1700 creatur
1408 1656 1563 1711 consul,

323 1715 362 1755 X
414 1714 450 1755 V
464 1744 475 1762 ‚
523 1725 561 1762 4.

264 1767 345 1812 Ser.
364 1726 549 1823 Sulpiciabs
584 1766 712 1810 Galba
731 1797 742 1815 ‚
763 1764 933 1807 tribunus
965 1765 1123 1807 militum
1159 1765 1332 1808 secundae
1367 1766 1562 1821 legionis,
1618 1775 1638 1821 j

317 1824 538 1866 adversatur
555 1821 703 1864 AEmilii
725 1821 848 1863 Paulli
867 1822 1058 1874 triumpho
1079 1851 1090 1869 ,
1116 1820 1222 1862 XLV
1243 1852 1255 1871 ,
1278 1833 1326 1874 35
1345 1853 1356 1872 ‚
1381 1823 1446 1875 36.

259 1877 480 1934 Supplicare
500 1878 678 1920 coronati
695 1908 705 1926 ,
723 1878 764 1918 &
783 1876 950 1917 lauream
970 1878 1006 1916 in
1027 1888 1140 1916 manu
1157 1885 1332 1920 tenentes
1347 1906 1361 1924 ‚
1375 1877 1564 1932 jubentur

312 1946 451 1977 omnes
471 1932 683 1976 duodecim
702 1931 810 1974 annis
829 1930 997 1984 maiores
1013 1960 1026 1982 ,
1046 1929 1114 1973 XL
1134 1962 1145 1981 ,
1169 1942 1236 1984 37.

914 2039 967 2084 T.

259 2099 730 2200 TABERNACULA,
760 2148 851 2192 muli
870 2180 882 2200 ‚
903 2148 946 2190 δε
968 2148 1101 2189 omnia
1121 2147 1190 2189 alia
1223 2147 1468 2192 instrumenta
1489 2149 1560 2191 mi-

307 2207 429 2269 litaria
445 2236 458 2256 ‚
479 2205 759 2261 magistratibus
780 2206 816 2246 in
835 2205 1057 2259 provincias
1078 2204 1182 2245 ituris
1202 2203 1478 2247 subministrata
1507 2204 1558 2248 de

253 2260 870 2371 Tepglegltclssatffilmssniagnificum
892 2325 914 2355 e
935 2324 1129 2355 marmore
1148 2311 1278 2356 facere
1298 2313 1450 2356 instituit
1470 2313 1555 2356 An-

309 2374 463 2413 tiochus
484 2371 724 2425 Epiphanes,
743 2367 853 2416 XLI,
875 2380 945 2409 20.

251 2426 418 2481 Templa
436 2427 515 2469 duo
535 2427 572 2467 in
592 2425 702 2469 Orbe
734 2423 949 2466 sanctissima
970 2454 981 2474 ‚
1015 2422 1176 2478 Delphis
1195 2422 1237 2464 ὃ(
1257 2421 1520 2467 Samothracae
1535 2452 1550 2475 ,

247 2482 484 2578 ‘I'eifftlcssitt’na5
496 2515 623 2577 'suum
659 2534 801 2589 cuique
832 2532 938 2574 militi
978 2532 1119 2574 domus
1163 2544 1209 2575 ac
1245 2541 1404 2587 penates
1438 2531 1546 2578 sunt,

246 2590 668 2688 A.)I'Ieieynriu3s9Varro
685 2673 698 2691 ‚
718 2643 865 2697 legatus
901 2641 949 2684 ad
982 2641 1167 2684 Gentium
1187 2672 1200 2692 ,
1232 2640 1449 2696 Illyriorum
1482 2653 1546 2683 re-

303 2712 392 2757 gem
408 2732 421 2755 ,
440 2699 576 2752 XLII,
596 2699 665 2744 26.
690 2699 729 2741 in
748 2696 1027 2742 Macedoniam
1047 2728 1060 2750 ‚
1077 2696 1183 2740 XLV
1200 2728 1214 2749 ,
1235 2709 1298 2747 17.
