1670 3068
352 117 712 172 LIBER
812 115 1052 171 XLV.
1225 136 1333 196 507

49 213 165 247 vem
198 194 230 246 6
264 193 629 246 conscendisset.
664 193 792 242 Mire
828 195 991 243 laetum
1021 193 1080 244 ea
1110 196 1334 265 benigni·
1350 209 1539 260 U.c.585.

49 280 148 314 tate
168 267 216 313 in
235 264 282 314 se
314 264 482 330 populi
502 261 715 311 Romani
744 279 910 328 regem
943 261 1077 311 fuisse
1097 302 1110 322 ‚
1138 265 1299 315 ferunt
1321 267 1533 315 :il-&107-

51 349 251 382 munera
282 331 365 380 fibi
395 330 549 396 ipsum
583 328 813 390 renuisse,
846 328 996 379 filium
1030 328 1200 394 juffisse
1235 334 1336 383 do—

51 418 169 450 num
208 400 378 466 populi
409 399 621 448 Romani
652 400 892 465 accipere.
926 397 1047 448 Haec
1077 399 1138 448 de
1176 400 1334 451 Prufia
1374 395 1539 466 ,ἥψω

52 468 200 517 nostri
233 468 508 534 scriptores.
538 465 771 533 Polybius
796 504 811 527 ,
845 484 958 517 eum
990 483 1158 534 regem
1208 461 1497 518 indi-‘'¹²“25·

52 554 202 604 gnum
236 536 485 601 majestate
525 536 735 583 nominis
769 538 890 584 tanti
914 572 929 595 ‚
963 537 1143 595 tradit3
1180 537 1339 603 pilea-

50 619 187 666 tum,
231 606 391 672 capite
435 602 571 664 raso,
600 619 631 666 7
663 602 862 651 obviarn
907 605 974 651 ire
1017 604 1186 671 legatis
1231 605 1344 654 soli-

52 687 155 722 tum
175 711 192 732 ,
223 674 543 738 libertumque
566 669 612 719 se
647 671 815 737 populi
850 669 1061 720 Romani
1100 671 1225 722 ferre
1250 712 1264 733 ,
1288 673 1343 724 &

49 741 165 790 ideo
197 741 394 808 insignia
432 740 615 788 ordinis
643 737 746 804 ejus
786 754 970 805 gerere.
1001 738 1175 788 Romae
1216 760 1343 809 quo·

50 826 146 875 que
168 846 184 870 ‚
215 826 364 875 quum
398 809 588 857 veniret
617 808 667 854 in
698 809 875 855 curiam
898 843 912 865 ‚
944 806 1218 858 summififfe
1254 809 1302 858 se
1321 848 1339 871 ,

54 879 110 927 &
141 875 304 927 osculo
336 877 485 925 limen
510 876 650 923 curiae
678 873 926 941 contigisse
955 892 967 923 ε
1003 876 1055 924 &
1095 875 1214 926 deos
1249 877 1344 927 ser-

51 960 249 995 vatores
279 944 388 994 suos
420 943 636 994 senatum
660 941 948 1009 appellasset
975 943 1213 1011 aliamque
1239 964 1344 996 ora-

54 1015 243 1064 tionem
277 1050 292 1073 ‚
335 1030 437 1061 non
492 1026 592 1061 tam
638 1010 959 1060 honorificam
999 1013 1342 1076 audientibus,

52 1081 200 1149 quam
234 1080 319 1130 fibi
357 1079 632 1130 deformem
653 1117 667 1138 ,
702 1078 924 1130 habuisse.
958 1079 1179 1130 Moratus
1216 1085 1342 1132 circa

53 1151 229 1199 urbem
263 1150 455 1215 triginta
487 1148 615 1198 haud
647 1148 852 1215 amplius
890 1148 1028 1210 dies,
1054 1151 1104 1198 in
1136 1166 1342 1218 regnum

59 1217 128 1268 est
161 1217 426 1285 profe&u5.

119 1342 146 1384 6
165 1339 480 1397 Conscendiffet]
498 1339 669 1383 Prufias.
731 1339 852 1382 verbi
882 1342 1075 1395 quadrare
1102 1358 1184 1385 non
1213 1343 1347 1399 potest

120 1418 145 1456 7
167 1404 337 1446 Obviam
363 1404 419 1444 ire
448 1403 589 1459 legatis
602 1401 667 1456 so·
733 1403 774 1443 in
805 1418 926 1444 unum
965 1406 1131 1460 aliquod
1165 1406 1310 1447 fafium
1329 1438 1344 1459 ‚

60 1466 175 1507 litum
204 1466 222 1520 ]
272 1466 373 1506 Haec
406 1466 672 1520 intelligenda
733 1465 802 1505 sed
819 1467 930 1517 plura
960 1467 1142 1508 denotat.
1163 1468 1254 1510 Nec
1274 1483 1344 1510 ve-

59 1529 148 1570 sunt
172 1529 221 1569 de
239 1528 381 1583 legatis
403 1529 497 1569 olim
516 1529 564 1567 ad
581 1540 671 1567 eum
733 1525 781 1567 ro
812 1527 936 1582 legati
967 1530 1016 1568 ad
1061 1528 1230 1570 Prufiam
1272 1544 1344 1572 ve-

62 1589 175 1630 miffis
193 1619 207 1635 ,
238 1603 319 1630 non
342 1591 390 1629 de
411 1604 462 1630 eo
485 1601 668 1642 tempore
731 1588 911 1629 nientem
932 1589 1099 1630 Romam
1113 1591 1205 1632 miffi
1223 1592 1309 1632 sunt
1326 1605 1340 1634 t

60 1666 142 1706 quo
190 1652 273 1705 ipse
322 1651 491 1692 Romam
538 1650 667 1691 venit.
733 1651 801 1691 sed
845 1651 893 1692 L.
941 1651 1158 1694 Cornelius
1203 1653 1344 1707 Scipio

60 1713 162 1755 Ideo
209 1713 355 1753 dicitur
385 1712 534 1754 Prufias
570 1709 672 1769 soli·
734 1712 932 1766 quaestor,
968 1725 1012 1756 ut
1039 1715 1153 1771 supra
1185 1729 1342 1758 memo·

60 1788 122 1817 tus
135 1775 294 1820 obviam
313 1775 353 1817 in
372 1775 541 1831 legatis.-
563 1774 672 1830 quod
733 1785 864 1816 ratum
893 1774 968 1820 est.
