1670 3068
340 95 692 153 LIBER
787 95 1050 152 XLII.
1198 111 1312 170 319

45 175 295 228 tumultum
334 175 464 225 fecit.
500 175 656 224 Pridie
700 191 784 241 per
820 175 1073 223 meridiem
1109 174 1362 237 profefi'tiU
1384 189 1517 239 0591,

42 247 99 295 ab
132 244 334 310 Sycurio
365 261 498 292 erant
530 261 539 290 :
571 244 786 310 peditum
822 259 997 309 agmen
1033 241 1114 289 sub
1153 241 1312 289 lucem
1332 245 1517 293 {MC-171·

43 313 330 378 reliquerant
365 313 412 358 in
463 314 684 377 proxima
721 312 933 383 planitie.
969 309 1111 359 Stetit
1141 309 1313 374 paulis-

47 397 131 447 per
171 382 219 427 in
254 379 482 439 tumulis,
516 381 621 428 elici
663 379 796 445 poss'e
838 395 962 427 ratus
1000 377 1059 426 ad
1097 376 1312 437 equestre

42 462 281 497 certarnen
302 445 554 495 Romanos
576 465 586 495 ε
619 451 697 513 qui
729 445 982 513 postquam
1004 445 1118 494 nihil
1140 461 1315 493 move·

41 513 184 574 bant,
223 517 436 580 equitem
476 517 656 574 mittit,
691 518 769 581 qui
806 515 994 579 pedites
1039 512 1217 561 referre
1253 512 1315 561 ad

41 581 294 648 Sycurium
328 583 457 649 signa
490 582 678 647 juberet
707 600 722 643 3
749 583 845 649 ipse
879 599 992 629 mox
1019 581 1314 647 insequutus.

42 649 250 700 Romani
283 655 465 715 equites
501 652 696 699 modico
739 651 995 699 intervallo
1028 647 1280 716 sequentes
1301 686 1316 708 ,

39 716 180 768 sicubi
217 717 398 783 sparsos
437 736 490 767 ac
531 717 774 783 diffipatos
820 718 1049 766 invadere
1085 715 1270 782 poffent
1299 754 1316 776 ,

40 784 289 854 postquam
327 784 572 835 confertos
594 788 721 835 abire
741 823 757 845 3
788 784 917 852 figna
950 802 1091 851 atque
1121 785 1316 833 ordines

41 852 284 903 servantes
304 891 317 912 3
348 855 598 913 viderunt,
633 854 682 902 &
711 852 794 919 ipsi
826 856 873 901 in
908 851 1052 901 castra
1077 853 1295 901 redeunt.

103 919 264 971 LXV.
311 920 430 970 Inde
480 920 687 970 offensus
738 922 1089 987 longinquitate
1132 922 1314 970 itineris

39 1003 122 1036 rex
144 1026 157 1045 ,
187 989 246 1036 ad
287 988 529 1055 Mopfium
556 989 702 1038 castra
739 990 894 1038 movit
925 1006 938 1048 3
981 989 1032 1037 &
1069 987 1317 1049 Romani,

36 1054 256 1105 demeffis
289 1056 562 1106 Crannonis
594 1058 827 1124 segetibus
850 1095 862 1115 ‚
895 1058 941 1104 in
975 1055 1315 1106 Phalannaeum

35 1139 197 1190 agrum
230 1126 486 1174 transeunt.
526 1124 600 1173 Ibi
647 1143 794 1192 quum
839 1142 899 1174 ex
935 1123 1180 1192 transfuga
1221 1143 1314 1174 co-

35 1190 221 1258 gnosset
250 1210 332 1241 rex
354 1231 368 1253 3
400 1194 497 1242 sine
531 1194 630 1242 ullo
667 1206 853 1242 armato
889 1192 1105 1258 praefidio
1145 1191 1315 1259 paffim

36 1276 264 1327 vagantes
285 1279 370 1327 per
391 1279 530 1328 agros
553 1261 803 1310 Romanos
825 1277 1008 1310 metere
1028 1277 1165 1320 3cum
1184 1261 1315 1311 mille

37 1329 270 1393 equitibus
293 1367 306 1388 ,
350 1329 536 1378 duobus
577 1330 785 1377 millibus
819 1327 1065 1377 Thracum
1104 1329 1154 1378 &
1189 1327 1318 1378 Cre·

37 1395 236 1444 tensium
277 1397 554 1463 profestm,
595 1415 740 1463 quum
783 1435 797 1457 ,
851 1400 1081 1461 quantum
1123 1399 1316 1446 accele-

38 1480 140 1512 rare
177 1479 397 1529 poterat,
433 1464 583 1514 effuso
620 1467 811 1533 agmine
844 1463 977 1514 issent
998 1503 1011 1525 ,
1045 1468 1317 1532 improviso

35 1531 272 1597 aggressus
301 1532 365 1581 est
393 1533 650 1583 Romanos
673 1551 686 1592 3
709 1531 866 1596 junsta
883 1533 1103 1582 vehicula
1123 1572 1137 1592 ‚
1159 1535 1319 1600 plera·

33 1614 126 1665 que
169 1600 336 1649 onusta
364 1640 377 1662 ,
422 1603 554 1650 mille
588 1602 853 1650 admodum
892 1604 1174 1666 capiuntur,
1211 1601 1316 1650 sex·-

34 1670 159 1716 centi
201 1667 352 1717 fex-me
400 1669 641 1719 homines.
694 1670 908 1718 Praedam
950 1667 1313 1718 custodiendam

36 1734 406 1803 ducendamque
447 1740 494 1786 in
532 1737 677 1786 castra
727 1739 955 1787 trecentis
1009 1736 1314 1787 Cretensium

35 1802 168 1852 dedit
192 1821 206 1864 3
228 1804 326 1870 ipse
352 1821 580 1854 revocato
614 1806 672 1854 ab
705 1804 846 1854 effusa
873 1805 1005 1853 caede
1036 1810 1229 1872 equite,
1263 1808 1315 1854 ὂ(

36 1872 228 1937 reliquis
269 1873 523 1938 peditum,
561 1874 690 1922 ducit
734 1874 794 1921 ad
837 1876 1108 1939 proximum
1155 1873 1317 1940 praefi-

37 1937 201 2001 diurn,
235 1957 358 1989 ratus
397 1942 524 1989 haud
575 1940 752 2008 magno
791 1943 1057 1990 certamin-e
1101 1944 1312 2008 opprimi

36 2005 186 2071 posse.
215 2008 268 2058 L.
304 2008 562 2075 Pompeius
594 2010 807 2057 tribunus
840 2010 1043 2057 rnilitum
1074 2026 1310 2074 praeerat3
1341 2000 1524 2071 L3Pom-

33 2077 113 2140 qui
158 2076 398 2142 perculsos
444 2079 619 2127 milites
671 2079 926 2143 repentino
977 2077 1182 2127 hostium
1223 2065 1474 2135 act-1⁷54&

34 2158 180 2192 ventu
208 2146 255 2192 in
291 2148 614 2212 propinquum
655 2147 895 2195 tumulum
945 2148 1128 2212 recepit
1165 2164 1175 2194 :
1215 2148 1308 2196 loci
1326 2125 1499 2210 muzlmjsn.

0 2207 79 2269 ¹fe
117 2211 335 2276 praesidio
364 2250 378 2271 ‚
427 2217 535 2279 quia
579 2230 780 2262 numero
824 2215 876 2263 ὅ(
926 2216 1107 2263 viribus
1154 2216 1308 2279 impar
1327 2201 1520 2288 35:¹12&oe

29 2293 164 2337 erat,
198 2279 490 2331 defensurus,
530 2280 602 2330 Ibi
646 2300 795 2348 quum
828 2284 876 2331 in
919 2283 1090 2332 orbern
1133 2284 1308 2333 milites
1462 2276 1474 2290 ’

31 2345 286 2413 coegisset,
332 2363 384 2396 ut
430 2349 631 2399 densatis
667 2349 804 2398 scutis
844 2351 903 2399 ab
943 2348 1067 2414 iabiu
1112 2349 1306 2418 sagitta·

30 2430 132 2461 rum
167 2414 220 2462 &
239 2415 506 2478 jaculorum
534 2417 627 2466 sese
657 2433 901 2468 tuerentur
930 2436 943 2478 3
974 2417 1167 2467 Perseus
1204 2421 1304 2468 cir-

31 2482 256 2532 cumdato
296 2488 485 2534 armatis
515 2486 730 2547 tumulo,
757 2486 875 2535 alios
913 2485 1187 2535 adscensum
1213 2505 1305 2536 un-

33 2548 175 2615 dique
205 2567 390 2602 tentare
429 2553 565 2617 jubet
600 2554 647 2601 &
679 2556 898 2602 cominus
925 2555 1138 2619 praelium
1176 2571 1305 2604 con-

34 2614 210 2679 serere,
230 2620 348 2669 alios
384 2624 567 2671 eminus
598 2622 691 2672 tela
713 2624 947 2690 ingerere.
974 2623 1170 2690 Anceps
1195 2623 1305 2674 Ro-

901 2689 950 2739 O
988 2692 1036 2740 iv

1183 2785 1203 2803 0
