1670 3068
278 97 355 157 60
554 97 1268 161 'T1T1L1v11

71 192 331 246 U.c.568.11t
354 216 369 240 ,
401 177 516 229 dum
545 180 711 232 liceret
735 182 988 233 voluntate
1026 182 1107 232 sua
1142 182 1301 231 facere
1321 217 1336 242 ‚
1383 194 1410 229 2
1448 196 1561 247 gra·

71 250 263 301 a.C.184.
279 247 395 295 tiam
421 250 628 310 inirent,
659 267 721 299 ne
748 268 865 300 mox
896 253 1033 299 inviti
1063 252 1114 300 ὅ(
1143 250 1295 314 εοεξὶί
1324 247 1557 296 facerent.

133 780 235 823 Pro-

68 843 228 888 vincire.

134 907 150 921 .‚

276 313 400 365 Haec
435 335 535 366 vox
566 317 724 367 audita
748 319 946 385 quidem
978 335 1088 367 cum
1123 319 1340 368 omnium
1374 318 1558 382 gemitu

277 382 346 433 est
369 423 383 445 ,
413 383 496 434 sed
533 403 717 434 metum
746 384 910 449 injecit
941 387 1174 451 imperata
1202 384 1448 435 recusandi
1471 399 1487 443 ;
1509 382 1559 431 id

276 454 433 502 modo
467 457 708 519 petierunt
726 489 741 511 ‚
771 469 821 501 ut
847 454 1091 512 Romani,
1116 472 1220 521 quae
1242 454 1522 501 viderentur
1543 488 1560 511 ,

279 519 343 569 de
369 520 748 569 Lacedaemoniis
775 537 1047 579 mutarent,
1075 538 1165 570 nec
1199 522 1411 569 Achaeos
1452 519 1563 567 reli-

279 590 430 654 gione
460 587 840 656 obstringerent,
860 591 987 637 irrita
1007 607 1062 638 ea
1083 626 1098 650 ‚
1123 607 1227 655 quae
1250 586 1561 652 jurejurando

279 654 563 718 sanxissent,
588 656 832 716 faciendi3
860 657 1106 706 damnatio
1139 659 1326 718 tantum
1360 655 1479 704 Arei
1509 655 1563 703 &

282 723 546 772 Alcibiadis
569 762 582 784 ,
608 743 713 791 quae
739 742 890 790 nuper
911 724 1030 773 facia
1054 741 1154 773 erat
1177 763 1191 784 ‚
1218 725 1400 772 sublata
1423 721 1508 771 est.

349 791 643 844 XXXVIII.
667 793 841 842 Romae
870 796 1107 860 principio
1126 791 1228 858 ejus
1248 794 1393 851 anni,
1416 806 1566 857 quum

283 859 345 909 de
377 862 636 927 provinciis
666 861 914 912 consulum
947 866 995 912 ὅ(
1018 880 1277 929 praetorum
1313 858 1468 909 astum
1494 857 1566 908 es-

281 928 385 989 set,
432 931 703 979 consulibus
761 930 956 997 Ligures
986 970 999 993 ‚
1053 933 1161 996 quia
1213 930 1394 979 bellum
1450 925 1563 974 nus-

278 1014 428 1064 quam
462 999 575 1046 alibi
610 1013 711 1048 erat
737 1035 750 1057 ‚
776 998 983 1048 decreti.
1017 998 1252 1047 Praetores
1276 1036 1290 1056 ‚
1321 996 1381 1046 C.
1415 994 1566 1044 Deci-

278 1067 405 1115 mius
435 1066 610 1115 Flavus
647 1069 875 1116 urbanam
894 1105 908 1126 ‚
938 1066 988 1116 P.
1025 1065 1283 1116 Cornelius
1315 1063 1565 1130 Cethegus

278 1134 409 1183 inter
440 1137 572 1184 cives
604 1135 652 1183 &
683 1137 994 1202 peregrinos,
1022 1135 1173 1184 sortiti
1193 1135 1296 1183 sunt
1317 1171 1331 1193 ‚
1351 1132 1411 1182 C.
1431 1131 1567 1181 Sem-

280 1205 483 1269 pronius
517 1202 693 1253 Blaesus
730 1203 978 1264 Siciliam,
1019 1202 1092 1268 Q.
1140 1203 1339 1252 Naevius
1388 1200 1564 1249 Matho

281 1270 553 1320 Sardiniam
573 1309 587 1332 ‚
620 1274 670 1321 &
696 1286 745 1320 ut
765 1273 893 1321 idem
928 1273 988 1321 de
1016 1271 1262 1322 veneficiis
1293 1282 1530 1337 quaereret
1549 1305 1571 1328 ‚s

285 1338 350 1387 A.
386 1338 643 1389 Terentius
677 1339 837 1389 Varro
871 1340 1150 1406 Hispaniam
1185 1342 1485 1396 citeriorem,
1514 1335 1569 1385 P.

283 1405 601 1473 Sempronius
633 1408 828 1475 Longus
855 1408 1134 1474 Hispaniam
1164 1410 1458 1457 ulteriorem.
1482 1403 1566 1454 De

284 1476 341 1523 iis
368 1476 551 1524 duabus
580 1478 842 1542 provinciis
867 1477 1011 1543 legati
1035 1494 1118 1542 per
1140 1478 1186 1524 id
1216 1477 1315 1524 fere
1340 1491 1529 1540 tempus
1550 1510 1567 1534 ,

284 1541 345 1592 L.
369 1543 620 1593 Juventius
649 1543 870 1604 Thalna,
900 1547 953 1593 ὃς
984 1544 1049 1592 Τ.
1081 1545 1345 1609 Quintilius
1376 1543 1531 1589 Varus
1550 1578 1567 1603 ‚

282 1627 560 1671 venerunt3
585 1614 692 1679 qui,
722 1627 956 1679 quantum
992 1613 1174 1661 bellum
1197 1610 1294 1676 jam
1329 1611 1568 1677 profliga-

282 1693 387 1729 tum
423 1682 472 1728 in
503 1681 737 1746 Hispania
769 1680 918 1738 esset,
953 1680 1115 1729 senatu
1154 1680 1364 1738 edo&0'‚
1402 1677 1567 1745 postu-

282 1747 442 1796 larunt
469 1746 602 1796 fimul
622 1786 637 1808 ‚
673 1764 723 1796 ut
752 1764 841 1814 pro
873 1749 1012 1797 rebus
1047 1765 1146 1796 tam
1171 1747 1400 1814 prospere
1427 1745 1567 1814 gestis

285 1815 375 1865 diis
412 1817 761 1865 immortalibus
786 1816 1038 1865 haberetur
1068 1817 1257 1876 honos,
1290 1817 1339 1865 ὃ(
1364 1832 1415 1864 ut
1438 1833 1567 1881 praef

284 1885 470 1934 tor-ibus
496 1886 761 1933 exercitum
793 1885 1053 1950 deportare
1089 1887 1272 1934 liceret.
1304 1884 1571 1950 Supplica-

282 1953 356 2001 tio
395 1954 442 2000 in
474 1953 674 2001 biduum
702 1953 898 2002 decreta
932 1952 998 2001 est
1032 1971 1045 2010 3
1077 1954 1137 2001 de
1171 1953 1599 2019 legionibusder

283 2022 539 2087 portandis
566 2059 580 2081 ‚
616 2037 761 2086 quum
804 2021 864 2069 de
917 2020 1166 2070 consulum
1206 2037 1569 2087 praetorumque

284 2089 575 2138 exercitibus
606 2105 857 2156 ageretur,
894 2106 1000 2137 rem
1023 2091 1259 2155 integram
1287 2089 1451 2138 referri
1473 2085 1571 2152 jus-

283 2155 463 2207 serunt.
493 2156 672 2205 Paucos
703 2155 809 2222 post
847 2157 946 2205 dies
985 2158 1256 2205 consulibus
1286 2160 1331 2204 in
1369 2157 1568 2222 Ligures

283 2225 414 2275 binae
449 2225 667 2293 legiones
684 2261 698 2284 ‚
722 2242 837 2291 quas
870 2224 969 2290 Ap.
991 2223 1222 2274 Claudius
1248 2225 1297 2272 &
1329 2225 1402 2274 Μ.
1423 2223 1569 2274 Sem-

285 2295 485 2359 pronius
513 2294 777 2341 habuerant
800 2330 813 2352 ,
841 2292 1050 2341 decretae
1082 2293 1197 2342 sunt.
1231 2292 1311 2341 De
1349 2294 1571 2342 exerciti*-

284 2362 376 2412 bus
412 2359 798 2427 Hispaniensibus
840 2378 1012 2427 magna
1050 2364 1301 2410 contentio
1333 2364 1420 2409 fuit
1444 2364 1569 2410 intet-

285 2447 449 2481 novos
481 2446 712 2496 praetores
741 2429 792 2477 &
826 2432 1005 2477 amicos
1030 2429 1297 2478 absentium
1319 2468 1331 2487 ,
1354 2428 1569 2495 Calpur-

287 2499 354 2548 nii
380 2498 686 2564 Quintiique.
711 2496 929 2563 Utraque
965 2497 1100 2546 causa
1132 2499 1350 2547 tribunos
1375 2500 1529 2565 plebis
1550 2534 1573 2558 ,a

353 2597 378 2625 2
405 2582 769 2638 Graciaminirene]
796 2584 896 2625 Gra·
960 2584 1171 2638 obsequi.ti
1207 2613 1219 2634 ,
1263 2584 1330 2624 fibi
1379 2594 1575 2641 pararent

286 2644 412 2697 fiam,
440 2657 640 2703 tamquam
672 2645 897 2689 voluntarie
960 2646 1065 2701 apud
1093 2646 1319 2691 Romanos.
