1670 3068
345 121 459 179 230
624 104 678 161 T
724 124 745 161 r
793 122 832 161 T
877 125 902 162 1
1001 105 1045 161 L
1091 125 1115 161 1
1163 121 1208 161 v
1255 123 1280 161 1
1325 122 1352 160 1

135 183 615 246 U.c.578.descisceret
646 223 660 245 ,
706 203 797 234 nec
841 188 998 234 minor
1047 185 1184 233 fieret
1230 200 1425 232 morum
1468 183 1611 249 quam

134 249 494 303 ²¹·C·174.·cultfis
532 255 754 302 mutatio.
802 253 891 302 His
936 253 1262 305 incommodis
1303 251 1501 300 obviam
1543 256 1610 303 ire

336 319 494 369 statuit
520 319 593 385 Q.
620 320 875 370 Voconius
899 321 1019 368 Saxa
1040 321 1254 369 tribunus
1279 320 1434 385 plebis
1457 356 1473 380 ,
1494 322 1613 385 tulitf

336 406 430 454 que
457 389 518 437 ad
547 390 782 455 populum
805 407 816 436 ε
856 404 874 453 5
897 391 971 436 Ne
993 390 1097 453 quis
1115 426 1135 446 ,
1162 389 1353 455 quipost
1369 388 1437 436 A.
1452 389 1611 454 Postu-

301 469 307 475 ’
337 459 509 515 mium,
547 459 608 520 Q.
638 458 854 505 Fulvium
893 455 1086 519 censores
1129 454 1283 518 census
1316 454 1450 519 efflt,
1481 457 1611 503 licere·-

336 527 434 572 dem
476 526 692 590 virginem
713 562 731 582 ,
774 543 885 571 neve
922 525 1144 572 mulierem
1176 523 1389 589 fizceret:
1430 523 1460 571 6
1502 521 1611 573 neve

339 593 427 640 ulli
456 594 626 658 virgini
647 629 665 650 ‚
702 592 778 640 vel
803 592 977 640 mulieri
1003 630 1020 651 ,
1057 593 1177 639 bona
1209 590 1472 657 cujusquam
1504 591 1613 639 lice-

336 674 397 707 ret
427 661 679 707 haereditate
694 662 916 726 percipere
945 661 1063 708 ultra
1091 674 1263 707 centum
1289 660 1440 707 millia
1465 657 1620 724 feste&

334 728 462 776 titim.
507 726 604 776 Sed
639 729 691 776 &
726 728 999 777 cavendum
1033 744 1229 794 quoque
1265 727 1400 776 duxit
1435 726 1614 776 Voco-

333 798 469 855 nius,
500 812 560 844 ne
601 797 934 862 magnitudine
969 797 1239 863 legatorum
1276 795 1614 856 haereditates,

333 864 469 928 quod
503 862 649 912 fiebat
677 865 917 913 interdum
940 902 953 924 ,
985 865 1361 914 exhaurirentur.
1416 863 1621 926 Adjecit,

334 931 476 998 igitur
509 934 747 999 rogationi
775 970 789 992 ,
822 935 898 981 Ne
919 935 1022 998 quis
1043 933 1155 998 plus
1175 934 1388 998 cuiquam
1413 932 1576 999 legaret
1591 936 1617 992 ,ξ

336 1001 474 1064 qua'm
504 1003 570 1048 ad
598 1002 805 1048 lzaeredem
854 1000 1091 1064 haeredefhe
1127 1002 1391 1067 perveniret.
1449 1002 1610 1067 Atque
1668 1013 1670 1066 ζ

334 1068 430 1116 hoc
455 1069 653 1135 quidem
683 1068 916 1133 posterius
949 1070 1067 1136 legis
1100 1085 1244 1135 caput
1276 1068 1416 1118 facile
1451 1068 1495 1116 se
1527 1087 1615 1134 po-

334 1137 453 1201 pulo
487 1137 725 1203 probabat
759 1175 774 1197 ,
814 1138 946 1203 quod
983 1138 1037 1187 &
1070 1136 1384 1204 aequiffimum
1423 1137 1622 1185 videre«.

334 1220 493 1264 retur,
518 1223 608 1255 nec
631 1208 854 1271 cuiquam
882 1223 1179 1273 magnopere
1201 1223 1349 1273 grave
1379 1203 1509 1254 esset.
1534 1204 1615 1254 De

330 1275 492 1339 priore
512 1312 527 1334 ,
558 1292 654 1340 quo
681 1275 1056 1323 removebantur
1079 1273 1272 1323 feminae
1305 1276 1364 1322 ab
1391 1277 1611 1322 omnium

334 1344 538 1391 omnino
584 1345 762 1390 civium
806 1343 1160 1392 haereditatibus
1192 1380 1206 1401 ‚
1264 1343 1615 1410 ambigebatur.

331 1408 703 1459 Dubitationem
735 1414 912 1459 exemit
938 1411 1012 1460 M.
1033 1410 1161 1459 Cato
1184 1448 1197 1470 ‚
1228 1413 1486 1460 acerrimus
1513 1410 1612 1475 jam

330 1478 451 1526 olim
480 1482 526 1526 in
562 1478 872 1528 defendenda
904 1480 1011 1546 lege
1045 1478 1214 1546 Oppia
1248 1481 1503 1528 mulierum
1530 1479 1639 1543 ads

329 1545 565 1595 versarius
602 1548 654 1596 &
702 1546 988 1614 castigator,
1042 1550 1125 1614 qui
1172 1547 1222 1596 ὃ(
1256 1548 1379 1596 hanc
1416 1564 1612 1614 quoque

325 1613 526 1677 majoris
559 1619 797 1665 momenti
828 1617 1060 1664 adversus
1087 1615 1188 1664 illas
1221 1616 1382 1683 legem
1407 1653 1422 1675 ‚
1455 1633 1613 1665 annos

326 1699 464 1732 natus
508 1686 719 1749 quinque
768 1683 821 1732 &
858 1683 1098 1751 sexaginta
1123 1722 1136 1742 ‚
1177 1686 1352 1752 magna
1389 1701 1515 1733 voce
1556 1681 1643 1732 &J

325 1751 467 1800 bonis
500 1753 728 1801 lateribus
768 1751 902 1801 suafit
928 1790 942 1810 ,
981 1771 1070 1818 pro
1107 1752 1240 1801 solita
1278 1751 1529 1819 asperitate
1563 1754 1613 1800 in

328 1820 619 1868 muiiebrem
663 1820 880 1869 inveEhts
928 1822 1307 1886 impotentiam,
1345 1822 1611 1869 intoleran-

329 1887 512 1954 dosque
543 1890 590 1936 in
625 1890 876 1954 opulentia
911 1886 1135 1954 spiritus:
1168 1907 1314 1954 quum
1346 1891 1455 1937 hinc
1482 1907 1612 1954 quo-

327 1973 423 2022 que
467 1971 686 2023 argueret
733 1957 938 2007 divitum
976 1974 1306 2006 matronarum
1346 1956 1514 2006 fastum
1559 1957 1613 2006 &
1649 1978 1653 1980 ·

396 2046 502 2097 5Ne
517 2046 649 2099 quis...
670 2042 828 2099 census]
852 2046 939 2085 Hac
1001 2047 1068 2086 vel
1102 2046 1258 2086 mulieri
1294 2046 1437 2086 liceret
1484 2047 1614 2085 haere-

330 2120 437 2147 voce
473 2108 582 2148 cives
621 2121 761 2147 omnes
795 2108 938 2148 Roma·

331 2183 408 2209 nos
435 2170 777 2222 complefiebatur
801 2172 939 2211 Voco-

331 2231 446 2271 nius:
471 2230 494 2270 fi
514 2232 674 2284 quidem
688 2246 826 2272 omnes
847 2246 939 2272 cen-

330 2292 407 2332 seri
447 2293 604 2332 neceffe
649 2295 849 2334 habebant
891 2308 941 2334 ex

330 2355 423 2408 lege
449 2368 470 2392 a
499 2355 586 2394 Ser.
607 2355 746 2395 Tullio
772 2357 851 2396 lata
868 2383 878 2402 ‚
899 2367 942 2395 ut

333 2415 486 2456 constat
505 2431 554 2456 ex
571 2416 728 2467 Livio‚1
764 2418 797 2462 1,
815 2432 850 2457 c.
866 2431 940 2467 44.

395 2477 421 2517 6
438 2478 550 2518 Neve
564 2478 637 2517 ulli
653 2479 822 2534 virgini]
842 2480 941 2520 Haec

330 2538 412 2592 ipsa
427 2540 511 2579 sunt
529 2540 674 2580 Dionis
686 2543 825 2589 verba,
843 2556 942 2595 quo-

333 2614 419 2639 rum
439 2602 585 2652 duplex
605 2602 732 2656 potest
752 2604 829 2643 effe
858 2604 940 2643 sen-

335 2660 398 2703 sus
418 2677 432 2709 3
458 2664 560 2704 alter
575 2692 589 2710 2
609 2679 659 2705 ne
677 2665 749 2706 uni
765 2665 908 2721 virgini
924 2693 940 2715 ,

1004 2108 1093 2147 dem
1129 2107 1207 2147 effe
1246 2107 1508 2161 cujusquam,
1544 2106 1615 2161 qui

1003 2172 1091 2224 plus
1110 2182 1270 2210 centum
1287 2170 1458 2210 millibus
1480 2168 1617 2209 sester-

1003 2232 1101 2271 tit'im
1128 2231 1341 2284 poffideret
1369 2245 1379 2272 ι
1402 2232 1506 2271 alter
1526 2259 1537 2278 ,
1559 2242 1614 2271 ne

1005 2294 1074 2333 ulii
1120 2294 1301 2349 virgini,
1347 2295 1414 2333 vel
1457 2291 1616 2332 mulieri

1006 2356 1149 2396 liceret
1182 2358 1270 2409 plus
1302 2367 1462 2396 centum
1497 2354 1635 2394 milli-2

1005 2419 1077 2457 bus
1119 2417 1336 2458 sestertium
1387 2431 1438 2458 ex
1485 2415 1615 2469 cujus·

1006 2494 1120 2533 quam
1154 2480 1391 2521 haereditate
1431 2479 1659 2532 percipe-³,

1004 2556 1065 2582 re.
1104 2542 1331 2595 Utrumque
1357 2541 1505 2582 intueri
1539 2553 1615 2596 po-

1004 2604 1081 2645 tuit
1115 2604 1217 2661 Iegis
1241 2603 1449 2646 conditor.
