1670 3068
275 74 629 132 L1BrzR
730 76 967 134 XLV.
1182 98 1300 159 457

27 152 138 198 data
159 154 223 198 ad
255 157 407 202 omnia
438 156 708 219 pulvinaria
734 155 897 219 efflat,
929 174 1060 206 tanta
1091 162 1156 224 Q.
1193 161 1505 227 CafiU.c.>-S·5.

20 219 120 281 fias
145 219 189 266 δ’
211 222 348 269 Man.
369 222 406 271 J
404 225 620 271 uvencius
633 240 840 289 praetores
863 241 1063 273 curarent
1084 230 1253 276 danda.
1315 233 1506 274 {ML-167·

96 285 261 336 XVlI.
283 287 493 355 Legatos
525 290 728 352 deinde,
754 310 959 358 quorum
981 293 1041 342 de
1069 293 1306 344 sententia

26 352 344 418 imperatores
379 356 434 404 L.
469 355 688 418 Paullus,
731 359 787 408 L.
820 359 1020 410 Anicius
1045 398 1059 421 ,
1092 379 1306 425 compo-

28 427 201 479 nerent
244 439 319 472 res
354 459 369 482 ,
405 424 726 474 decreverunt
756 444 766 474 z
800 427 830 476 6
854 428 1023 478 decem
1057 430 1105 476 in
1129 428 1305 478 Mace-

30 487 225 538 doniam
251 526 265 549 ‚
303 493 511 557 quinque
555 494 601 539 in
652 492 917 558 illyricum.
961 495 1017 544 In
1064 497 1307 546 Macedo-

1375 496 1517 552 Legati

31 557 159 604 niam
196 556 300 605 sunt
336 558 384 605 hi
421 560 684 619 nominati,
713 561 776 610 A.
806 562 1073 612 Postumius
1095 564 1302 625 Luscus,
1322 560 1514 627 ind-1³⁶&

32 620 96 671 C.
119 622 350 672 Claudius
367 663 380 684 ,
412 626 556 674 ambo
585 627 784 677 censorii
806 646 815 676 ε
839 629 900 678 C.
922 630 1131 680 Licinius
1161 631 1305 681 Cras·
1322 622 1478 661 domam

31 689 105 739 sus
127 728 140 750 ‚
172 693 359 759 collega
395 693 443 741 in
476 694 719 743 consulatu
761 696 943 757 Paulli,
979 713 1082 746 tum
1135 708 1306 765 proro-

31 774 146 824 gato
175 761 380 825 imperIO
404 763 703 826 provinciam
732 761 942 812 Galliam
973 766 1193 815 habebat.
1222 768 1310 816 His

33 825 358 884 consularibus
393 828 624 878 addidere
657 829 756 879 Cn.
779 830 1066 882 Domitium
1098 833 1329 884 Aheno--

31 891 233 942 barbum
259 932 275 954 ‚
304 894 408 944 Ser.
443 895 729 946 Cornelium
755 897 965 960 Sullam,
994 901 1051 949 L.
1085 901 1311 971 Junium²

31 958 97 1011 C.
137 961 396 1012 Antistium
433 963 752 1026 Labeonem,
784 965 846 1015 T.
883 967 1152 1019 Numisium
1187 969 1315 1018 Tar-

31 1028 330 1095 quiniensem
347 1067 361 1090 ‚
393 1031 457 1080 A.
478 1031 767 1082 Terentium
794 1034 1088 1085 Varronem.
1108 1037 1162 1085 In
1186 1037 1314 1104 Illy-

33 1100 184 1145 ricum
238 1113 400 1147 autem
454 1099 503 1162 hi
556 1102 823 1161 nominati,
876 1103 924 1152 Ρ.
975 1105 1124 1154 AEtius
1168 1105 1313 1174 Ligus

31 1164 321 1226 consularis,
342 1164 410 1215 C.
438 1164 714 1229 Cicereius,
743 1169 794 1217 ὃ(
818 1168 910 1219 Cn.
943 1170 1130 1222 Baebius
1159 1172 1316 1223 Tam·

31 1233 226 1299 philus,
270 1231 390 1300 (hic
440 1230 599 1299 priore
642 1255 770 1285 anno
804 1275 818 1294 ‚
865 1238 1110 1288 Cicereius
1152 1244 1314 1291 multis

36 1302 150 1349 ante
175 1304 308 1350 annis
345 1312 517 1366 praer'or
547 1302 744 1370 fuerat)
778 1304 828 1353 Ρ.
861 1306 1122 1357 Terentius
1151 1307 1320 1359 Tusci·

36 1370 295 1429 veicanus,
327 1368 378 1416 P.
421 1369 661 1420 Manilius.
703 1372 883 1423 Moniti
916 1374 1092 1426 deinde
1137 1377 1315 1426 consu-

36 1436 106 1485 les
141 1455 167 1484 a
204 1435 420 1485 Patribus
446 1475 460 1497 ‚
495 1452 545 1486 ut
569 1477 582 1499 ‚
619 1443 846 1506 quoniam
894 1442 1097 1493 alterum
1137 1461 1198 1494 ex
1243 1446 1316 1495 his

35 1503 294 1554 succedere
333 1504 395 1554 C.
426 1505 646 1566 Licinio,
695 1511 774 1573 qui
810 1510 995 1576 legatus
1040 1515 1316 1563 nominatus

37 1586 172 1631 erat,
215 1573 264 1619 in
314 1571 524 1622 Galliam
566 1592 819 1640 oporteret
854 1615 867 1636 ‚
915 1581 1069 1643 primo
1119 1599 1316 1648 quoque

38 1653 262 1705 tempore
299 1644 571 1706 provincias
615 1658 693 1691 aut
735 1662 1073 1709 compararent
1106 1649 1228 1699 inter
1270 1649 1318 1699 se

18 1723 119 1755 -aut
142 1706 421 1756 sortirentur
440 1746 453 1769 ‚
488 1709 633 1758 sortiti
668 1710 786 1760 sunt.
817 1712 890 1761 M.
922 1712 1065 1763 Junio
1085 1714 1195 1764 Pisae
1219 1719 1318 1766 ob-

37 1788 309 1835 venerunt,
346 1774 570 1841 (quem,
613 1779 880 1845 priusquam
919 1783 968 1829 in
1010 1786 1318 1849 provinciam

38 1844 129 1890 iret
151 1880 164 1902 ‚
199 1843 466 1909 legationes
494 1863 595 1911 quae
626 1847 838 1912 undique
869 1847 1080 1899 Romam
1111 1854 1320 1918 gratula-

38 1925 143 1958 tum
165 1929 533 1972 convenerunt,
565 1915 868 1966 introducere
892 1919 938 1965 in
972 1917 1188 1970 senatum
1213 1921 1320 1987 pla-

39 1977 167 2044 cuit)
198 1977 268 2042 Q.
299 1980 428 2028 AElio
457 1978 634 2031 Gallia.

52 2061 64 2066 ‘
108 2044 272 2094 XVII.
308 2046 541 2097 Ceterum
571 2067 862 2116 quamquam
892 2052 1011 2102 tales
1040 2055 1126 2103 viri
1157 2057 1319 2107 mitte-

39 2129 235 2174 rentur,
258 2130 464 2178 quorum
498 2116 557 2164 de
590 2118 786 2167 consilio
819 2119 995 2185 sperari
1031 2121 1188 2186 poffet
1225 2125 1318 2171 im·

40 2197 291 2247 peratores
319 2183 432 2230 nihil
456 2184 701 2251 indignum
720 2203 808 2235 nec
827 2188 1085 2237 clementia
1105 2207 1192 2240 nec
1212 2209 1319 2257 gra·

28 2251 394 2316 vitate‘populi
426 2249 634 2300 Romani
668 2254 947 2304 decreturos
983 2255 1075 2307 effe
1107 2275 1122 2318 ;
1153 2272 1317 2308 tamen

27 2317 90 2382 ..in
118 2315 281 2365 senatu
313 2335 508 2385 quoque
552 2323 725 2388 agitata
760 2321 827 2370 est
861 2322 1043 2373 summa
1087 2326 1319 2377 consilio-

43 2401 183 2444 rum,
213 2399 263 2433 ut
303 2386 526 2435 inchoata
567 2390 730 2438 omnia
765 2391 910 2458 legati
948 2393 1007 2441 ab
1042 2392 1191 2444 domo
1219 2395 1320 2445 fer-

92 2481 116 2519 6
133 2479 281 2519 Decem
296 2480 333 2520 in
348 2480 644 2536 Macedoniam]
710 2499 801 2525 men
815 2514 826 2529 ‚
847 2487 956 2541 quod
976 2487 1059 2529 Iac.
1078 2487 1317 2530 Gronovius

45 2539 101 2580 At
140 2555 284 2582 novem
319 2542 470 2582 tantum
517 2545 647 2583 norni-
712 2547 929 2599 suspicatur
964 2549 1041 2590 effe
1078 2550 1136 2604 Q.
1169 2550 1320 2594 Marcii

46 2603 561 2646 nantur.1merciditunum
575 2619 651 2647 no·
714 2607 902 2663 Philippi.

121 2663 160 2712 T
158 2679 244 2711 om.
284 2663 364 2711 Vl.
999 2667 1062 2723 V·

1382 682 1453 734 Ill-3
1465 682 1516 719 ri-

1321 760 1420 787 cun?-
