1670 3068
329 103 688 160 LrssER
783 103 1026 160 XLV.
1192 120 1304 181 453

37 181 444 232 senatusconsulto
481 200 643 232 emere
684 184 847 248 regulo
895 182 1097 248 quaestor
1131 180 1272 247 juffus
1296 221 1309 243 ‚
1332 193 1406 235 Uc
1433 194 1523 243 584.

37 267 97 298 ex
132 250 159 298 8
193 266 386 300 centum
428 253 597 316 pondo
633 247 848 319 argenti,
879 254 928 298 ὃ(
960 251 1180 316 prosequi
1202 269 1313 300 eum
1336 251 1522 291 ‹223200'0

37 318 266 367 Puteolos
284 357 298 380 ,
324 336 618 385 omnemque
652 319 890 385 sumptum
912 355 927 378 ,
956 319 1118 384 quoad
1149 324 1195 366 in
1222 319 1316 368 Ita·

36 386 98 433 lia
130 385 276 446 esset,
313 387 562 451 praebere,
601 387 653 434 δε
685 388 800 435 duas
834 402 980 436 naves
1009 386 1310 446 conducere,

35 455 207 519 quibus
249 454 345 519 ipse
390 453 685 519 comitesque
724 454 826 518 ejus
860 457 909 502 in
955 453 1169 502 Africam
1221 454 1316 501 de-

36 521 330 570 vehe-rentur
359 538 371 568 ε
411 522 461 569 &
491 523 747 570 comitibus
783 522 1008 570 omnibus
1033 522 1193 571 liberis
1222 520 1318 569 ser-

37 588 201 654 visque
234 589 515 639 vestimenta
555 591 681 638 data.
719 590 862 637 Haud
905 592 967 637 ita
1014 592 1168 639 multo
1209 587 1315 654 post

37 657 99 705 de
130 658 280 706 altero
315 655 563 705 Masinissae
588 656 686 706 filio
714 658 956 723 Misagene
979 658 1144 705 litterae
1163 659 1313 705 allatae
1349 654 1534 712 Mifitgc·

40 724 141 772 sunt
161 763 175 783 ,
212 723 397 773 missum
426 742 535 773 eum
561 727 619 774 ab
652 725 706 773 L.
738 725 899 773 Pauilo
930 724 1036 789 post
1074 724 1314 774 devictum
1337 735 1402 760 nes
1441 722 1504 789 ‘’ll“

42 790 208 841 Persea
238 796 285 839 in
321 792 538 841 Africam
571 811 680 841 cum
733 792 970 859 equitibus
1003 792 1091 841 suis
1112 829 1128 853 ,
1177 795 1317 841 navi·
1339 796 1400 822 ΜΓ
1416 783 1532 850 ᾸΪᾸΨ

42 875 237 926 gantem
269 860 479 924 dispersa
509 860 643 910 claffe
672 863 718 909 in
742 860 991 908 Adriatico
1026 861 1145 909 mari
1168 860 1320 909 Brun·
1340 841 1526 898 Maszms-

40 927 210 976 disium
242 929 386 976 tribus
415 930 615 977 navibus
641 946 819 996 aegrum
854 928 1083 978 delatum.
1102 927 1183 977 Ad
1210 946 1321 977 eum
1336 903 1408 959 [ιε’

44 1014 155 1044 cum
180 996 345 1046 iisdem
378 998 684 1056 muneribUS,
711 1015 814 1063 quae
844 997 956 1043 data
983 995 1158 1044 Romae
1193 995 1326 1045 fratri

43 1068 150 1128 ejus
194 1079 362 1125 erant,
399 1064 452 1112 L.
489 1063 739 1114 Stertinius
786 1064 988 1130 quaestor
1024 1064 1327 1113 Brundisium

44 1131 203 1181 missus
224 1150 234 1179 ι
263 1131 495 1199 juss'usque
529 1150 694 1182 curare
713 1171 726 1194 ‚
751 1145 803 1180 ut
827 1132 954 1180 aedes
987 1131 1220 1198 hospi[tio
1242 1149 1326 1181 re-
1348 1135 1493 1190 Suppl-

50 1200 181 1266 guli,
211 1200 344 1248 simul
382 1202 545 1250 omnia
586 1219 690 1267 quae
735 1201 794 1248 ad
833 1201 1163 1249 valetudinem
1205 1217 1327 1265 opus

47 1266 197 1316 essent
225 1306 240 1329 ‚
288 1268 614 1333 praeberentur
646 1285 660 1328 3
700 1267 1022 1334 impensaeque
1072 1268 1333 1318 liberaliter

47 1352 197 1402 quum
246 1335 365 1400 ipsi,
399 1350 503 1385 tum
541 1337 632 1386 toti
670 1338 918 1385 comitatui
958 1334 1332 1401 praestarentur3

50 1419 199 1453 naves
219 1406 364 1452 etiam
395 1419 446 1454 ut
471 1404 887 1472 prospicerentur,
920 1405 1091 1469 quibus
1123 1403 1170 1455 se
1205 1404 1333 1454 bene

52 1489 106 1520 ac
144 1472 247 1520 tuto
272 1474 318 1519 in
355 1471 567 1520 Africam
598 1471 857 1536 trajiceret.
886 1470 1137 1538 Equitibus
1173 1471 1337 1539 singu-

54 1541 113 1588 1ae
150 1540 281 1587 librae
312 1541 533 1606 argenti,
573 1540 625 1588 &
664 1556 694 1605 9
730 1541 957 1606 quingeni
998 1538 1191 1589 sestertii
1237 1541 1337 1589 dari

55 1604 176 1671 juffi.
217 1606 430 1656 Comitia
474 1608 688 1657 creandis
730 1610 778 1656 in
827 1608 1111 1673 sequentem
1159 1626 1338 1657 annum
1360 1614 1546 1658 Comitia.

60 1673 331 1723 consulibus
370 1677 531 1724 habita
570 1676 673 1724 sunt
719 1695 744 1724 a
789 1673 851 1723 C.
902 1675 1086 1724 Licinio
1129 1676 1340 1726 consule.

61 1741 229 1792 Creati
280 1741 356 1806 Q.
403 1744 555 1792 AElius
590 1743 781 1802 Paetus,
825 1742 895 1791 M.
935 1743 1100 1792 Junius
1134 1743 1343 1793 PennuS.

5 1827 8 1842 ¹
59 1808 183 1859 Inde
217 1827 444 1876 praetores
479 1810 587 1860 faffi
619 1811 690 1875 Q.
722 1809 905 1861 Caffius
938 1811 1183 1878 Longinus
1206 1851 1219 1873 ,
1250 1813 1342 1862 M’.

60 1878 320 1933 Juvencius
364 1878 553 1927 Thalna
583 1917 598 1939 ,
639 1878 722 1927 Ti.
769 1877 1001 1927 Claudius
1048 1879 1185 1929 Nero
1214 1917 1228 1939 ,
1280 1880 1346 1930 A.

19 1974 22 1977 <
64 1945 277 1994 Manlius
305 1944 578 2013 Torquatus
598 1985 612 2007 ,
645 1946 743 1996 Cn.
774 1946 970 1997 Fulvius
995 1945 1161 2009 Gillo,
1186 1947 1246 1998 C.
1267 1948 1346 1996 Li-

65 2015 216 2062 cinius
250 2013 434 2064 Nerva.

12 2114 14 2117 -
137 2097 185 2130 2.
222 2081 413 2130 Eodem
468 2100 594 2130 anno
645 2081 864 2132 censores
901 2081 982 2131 Ti.
1027 2082 1340 2149 Sempronius
1384 2094 1555 2132 Centen-

19 2167 22 2171 ’
66 2147 348 2208 Gracchus,
400 2149 451 2197 &
492 2148 550 2199 C.
593 2147 824 2199 Claudius
862 2150 1065 2200 Pulcher
1112 2168 1216 2200 rem
1262 2151 1340 2199 diu
1360 2154 1415 2194 tio
1454 2154 1560 2193 incer

66 2218 191 2266 inter
218 2217 264 2266 se
296 2218 438 2265 variis
464 2218 852 2267 altercationibus
883 2238 906 2267 a
945 2222 1110 2267 itatatn
1145 2219 1343 2269 tandem
1362 2213 1536 2282 censores

2 2313 13 2317 »
69 2285 304 2333 concordi
335 2286 498 2333 animo
530 2285 861 2335 decreverunt.
941 2288 1164 2348 racchus,
1200 2305 1344 2353 quum
1365 2279 1409 2345 d?
1430 2277 1555 2345 ζώῃ*

19 2376 26 2380 “
71 2353 281 2401 libertini
315 2354 488 2401 iterum
543 2356 811 2420 iterumque
856 2357 904 2403 in
947 2369 1152 2421 quatuor
1199 2352 1472 2402 tribus²¹m⁵·

71 2420 273 2469 urbanas
306 2421 482 2470 redacti
519 2419 614 2470 sese
646 2422 797 2471 rursus
836 2440 921 2489 per
958 2439 1128 2471 omnes
1165 2421 1354 2471 effudis-

136 2514 160 2554 8
179 2517 477 2571 Centumpondo
497 2516 682 2571 argenti]
795 2514 1226 2574 9Quingenisestercii]
1247 2516 1358 2559 Mat·

74 2574 227 2645 Marcis
283 2578 520 2620 nostratibus
563 2579 645 2630 156
681 2617 693 2639 ,
757 2591 813 2620 cae
838 2578 994 2636 argenti
1019 2578 1105 2620 fer‘e
1130 2580 1250 2622 binae·

73 2651 200 2680 uncus
231 2651 274 2681 2.
