1670 3068
348 129 464 187 374
627 110 1328 169 T1T1L1V11

142 190 635 257 U.c.583.currebant‚
672 194 1052 258 comminatique
1081 193 1205 240 inter
1238 191 1284 240 se
1309 229 1323 250 ,
1355 189 1415 239 ab
1449 192 1543 240 ima
1573 191 1622 242 in

143 259 584 313 ³·C·169·summam
623 261 910 310 testudinem
952 277 1038 325 per
1082 258 1276 315 densata
1309 258 1437 307 scuta
1478 277 1625 325 quum

220 1836 350 1879 Pudet

348 327 630 391 evasissent,
674 347 801 377 nunc
834 329 968 377 velut
1009 340 1369 394 propugnantes
1402 343 1489 393 per
1518 344 1641 376 oras¹

349 412 576 447 extremae
620 396 868 458 *testudinis
896 433 910 455 ‚
952 413 1077 444 nunc
1131 397 1178 442 in
1223 396 1383 444 media
1421 397 1544 443 inter
1578 393 1624 444 se

348 480 693 514 concurrentes
710 502 724 523 ‚
752 464 876 511 haud
897 463 1027 511 secus
1048 462 1193 529 quam
1217 462 1366 511 stabili
1388 461 1490 510 solo
1511 479 1626 527 per-

347 532 603 582 sultabant.
651 532 779 580 Huic
818 530 1038 580 testudini
1072 530 1310 579 simillima
1346 531 1470 597 parti
1507 531 1628 580 muri-
1668 590 1670 597 ἱ

349 600 552 649 admota
579 638 592 660 ‚
643 617 793 666 quum
822 601 990 648 armati
1022 598 1336 665 superstantes
1367 595 1586 646 subissent
1613 634 1630 659 ,
1669 604 1670 615 ³

349 667 793 735 propugnatoribus
818 670 940 717 muri
966 666 1152 734 fastigio
1175 667 1436 716 altitudinis
1471 682 1630 732 aequa-

349 737 561 784 bantur:
602 735 899 803 depulsisque
940 736 994 784 iis
1017 772 1032 795 ,
1063 738 1112 783 in
1145 735 1315 784 urbem
1365 749 1387 799 3
1427 734 1633 784 duorum

350 803 598 870 signorum
640 805 817 854 milites
857 803 1285 853 tranffcenderunt.
1339 801 1396 852 Id
1447 802 1633 851 tantum

352 871 572 921 dissimile
607 870 695 920 fuit
716 910 731 933 ‚
763 873 897 938 quod
933 872 986 920 δὲ
1015 873 1063 920 in
1097 871 1261 921 fronte
1294 885 1545 932 extrema,
1580 870 1634 919 &

354 957 414 989 ex
446 941 708 999 lateribus,
747 939 833 988 soli
874 958 974 989 non
1015 939 1263 990 habebant
1305 938 1446 1005 super
1482 939 1641 1004 capita

351 1009 477 1058 elata
496 1008 625 1057 scuta
645 1046 660 1069 ,
687 1024 750 1056 ne
772 1007 1006 1057 nudarent
1031 1026 1268 1075 corpora,
1292 1006 1375 1056 sed
1403 1021 1639 1074 praetenta

350 1078 669 1144 pugnantium
696 1093 864 1125 more:
892 1079 955 1125 ita
981 1093 1072 1126 nec
1109 1076 1236 1144 ipsos
1270 1075 1365 1125 tela
1401 1092 1462 1125 ex
1497 1092 1636 1124 muro

351 1144 483 1193 miss'a
515 1145 769 1193 subeuntes
804 1144 1053 1204 laeserunt,
1093 1145 1145 1194 &
1181 1143 1405 1195 testudini
1433 1141 1635 1208 injecta,

351 1213 517 1261 imbris
543 1216 591 1261 in
618 1213 822 1262 modum
849 1251 862 1273 ‚
897 1213 1082 1261 lubrico
1116 1212 1304 1281 fastigio
1345 1213 1542 1260 innoxia
1576 1211 1634 1260 ad

352 1283 505 1329 imum
533 1281 833 1331 labebantur.
870 1280 931 1330 Et
951 1281 1152 1343 consul,
1181 1296 1325 1347 capto
1356 1278 1453 1345 jam
1481 1279 1637 1327 Hera·

352 1350 463 1399 cleo
485 1387 499 1409 ,
537 1348 682 1398 castra
714 1350 777 1398 eb
818 1351 1109 1414 promovit3
1159 1364 1407 1415 tamquam
1441 1347 1593 1396 Dium
1621 1384 1637 1410 ,

354 1430 497 1483 atque
531 1418 645 1466 inde
677 1417 924 1466 summoto
971 1435 1087 1484 rege
1115 1455 1129 1477 ‚
1166 1419 1214 1466 in
1247 1417 1453 1466 Pieriam
1493 1419 1636 1478 etiarn

354 1485 702 1552 progressurus
735 1485 833 1534 Sed
858 1485 1060 1534 hiberna
1080 1485 1180 1551 jam
1203 1502 1476 1551 praeparans
1498 1522 1512 1544 ,
1538 1485 1637 1532 vias

357 1554 710 1603 commeatibus
747 1552 1071 1603 subvehendis
1107 1571 1166 1603 ex
1196 1552 1436 1603 Thessalia
1468 1553 1640 1601 muniri

358 1619 492 1687 jubet
508 1660 522 1682 ‚
547 1622 598 1671 &
621 1622 730 1688 eligi
751 1622 936 1670 horreis
957 1636 1233 1689 opportuna
1252 1622 1362 1670 loca
1381 1659 1395 1683 ,
1426 1619 1638 1687 testaque

359 1689 619 1752 aedificari,
656 1691 738 1739 ubi
781 1690 1007 1741 diversari
1052 1706 1303 1758 portantes
1342 1704 1641 1739 commeatus

359 1756 567 1825 possent.
1636 1790 1644 1792 ἡ

428 1826 491 1875 Χ.
525 1825 721 1875 Perseus
747 1826 945 1876 tandem
966 1864 980 1886 ‚
1010 1844 1036 1875 a
1063 1844 1248 1893 pavore
1285 1843 1347 1876 eo
1381 1843 1479 1892 quo
1509 1837 1642 1882 atto-

156 1896 300 1954 Persea
362 1896 487 1943 nitus
529 1894 685 1944 fuerat
712 1933 726 1955 ,
776 1910 979 1961 recepto
1014 1897 1178 1945 animo
1201 1933 1215 1955 ‚
1253 1896 1397 1943 malle
1434 1894 1645 1958 imperiis

150 1963 313 2014 Pavor&
363 1962 452 2012 suis
488 1982 587 2012 non
618 1964 1015 2029 obtemperatum
1049 1963 1140 2012 esse
1164 2002 1177 2024 ,
1214 1981 1360 2029 quum
1402 1962 1643 2027 trepidans

148 2019 231 2075 sui.

364 2048 533 2099 gazam
551 2034 600 2080 in
624 2049 753 2081 mare
786 2029 929 2094 dejici
964 2031 1106 2080 Pellae
1127 2070 1158 2091 ‚x
1180 2030 1532 2080 Thessalonicae
1564 2045 1646 2076 na·

364 2100 490 2149 valia
520 2098 712 2165 jusserat
749 2100 969 2149 incendi(
995 2099 1305 2149 Andronicus
1336 2096 1647 2147 Thessaloni.-

363 2185 472 2217 cam
512 2168 671 2218 missus
705 2181 913 2218 traxerat
946 2183 1174 2236 tempus;
1212 2186 1246 2231 4
1278 2166 1482 2234 idipsum
1518 2161 1648 2232 quod

411 2293 842 2349 3Du0rumsignorum]
862 2295 977 2335 Duo·
1041 2295 1312 2335 membrorum
1359 2292 1541 2333 ordinem
1589 2289 1644 2334 ln.-

364 2371 452 2397 rum
469 2357 976 2409 manipz.110rum.vid.not.
1040 2357 1230 2397 verteris.
1260 2354 1504 2408 Poensstentiae
1529 2351 1646 2393 relin-

371 2430 389 2458 1
411 2446 423 2466 ‚
453 2418 500 2457 ad
527 2419 555 2457 l.
584 2414 773 2459 XXXHI
794 2446 804 2465 ‚
836 2433 871 2458 c.
908 2432 946 2460 1.
1043 2434 1158 2473 quens
1189 2419 1314 2458 locum
1333 2446 1346 2462 ‚
1368 2413 1529 2470 idipsum
1549 2411 1650 2469 quod

429 2493 458 2529 4
475 2477 646 2534 Idipsum
677 2482 779 2534 quod
801 2480 946 2520 accidit
964 2508 974 2528 ,
1043 2479 1189 2520 accidit
1205 2487 1232 2531 ‚⁸
1247 2479 1285 2519 id
1318 2478 1372 2519 est
1390 2507 1401 2526 ,
1436 2476 1542 2532 quod
1569 2473 1648 2529 quj-

364 2541 603 2596 poenitentiae
650 2541 869 2596 relinquens
914 2542 979 2582 lo·
1044 2544 1133 2582 dem
1155 2541 1280 2594 ipsum
1309 2539 1482 2584 accidit,
1506 2547 1647 2592 nempe

369 2604 488 2656 cum]
526 2604 646 2643 Nulla
676 2602 738 2644 hic
771 2605 848 2643 erit
881 2602 978 2643 diffi·
1044 2615 1088 2645 ut
1111 2617 1249 2660 regem
1271 2601 1506 2657 poeniteret·

370 2665 498 2705 cultas
521 2693 531 2713 ,
557 2664 583 2704 sl
614 2665 652 2705 in
673 2665 979 2721 interpretando
