1670 3068
353 119 478 173 214
661 99 1364 158 T1T1L1v11

133 184 505 244 ·U.c.578.2centis
545 182 780 247 equitibus
806 182 854 229 in
875 178 1123 230 Corsicam
1154 178 1297 247 juffus
1320 177 1386 227 est
1410 179 1634 245 tranfire3

151 250 475 319 3·C·174·d11m
506 251 543 298 is
586 251 652 298 ibi
682 250 865 299 bellum
902 265 1090 316 gereret
1125 285 1140 308 ,
1181 247 1417 297 Cornelio
1461 266 1634 314 proro-
1668 271 1670 291 1

355 334 522 385 garum
553 319 809 383 imperium
833 355 847 377 ‚
882 333 933 365 ut
964 315 1509 365 obtineretSarcliniam.
1543 315 1635 370 Cn,

347 386 558 436 Servilio
587 385 813 451 Caepioni
846 387 893 433 in
931 383 1214 451 Hispaniam
1256 384 1538 433 ulteriorem
1580 387 1632 436 δε

349 453 406 503 P.
426 454 568 503 Furio
590 453 728 502 Philo
755 455 804 501 in
827 454 1102 501 citeriorem
1132 454 1222 500 tria
1248 452 1396 501 millia
1415 452 1634 518 peditum

352 522 695 572 Romanorum
721 558 737 582 ‚
781 523 969 588 equites
1018 533 1211 569 centum
1256 522 1636 587 quinquaginta,³

351 591 412 639 δὲ
444 589 625 640 socium
653 588 811 639 Latini
842 590 1052 639 nominis
1088 590 1300 655 quinque
1324 589 1471 636 millia
1500 588 1636 654 ped-i-

351 672 458 708 tum
482 696 497 719 ‚
527 659 734 708 trecenti
765 660 987 725 equite53
1019 656 1177 706 Sicilia
1208 656 1266 705 L.
1296 655 1507 706 Claudio
1539 655 1634 711 sine

352 726 696 794 supplemento
735 727 945 777 decreta.
989 724 1127 774 Duas
1158 739 1393 792 praeterea
1417 725 1635 791 legiones

347 795 572 845 consules
601 795 806 845 scribere
836 794 941 861 juffi
961 832 976 854 ,
1015 811 1126 843 curn
1152 792 1274 857 justo
1309 809 1514 842 numero
1545 810 1635 858 pe-

351 863 507 913 ditum
540 867 858 931 equitumque
882 902 896 925 ,
938 864 991 912 &
1027 862 1200 912 decem
1231 861 1380 910 millia
1416 860 1634 926 peditum

354 931 492 980 sociis
521 934 759 999 imperare
780 971 795 993 ‚
826 933 878 981 ὃς
899 931 1148 981 sexcentos
1175 931 1380 997 equites.
1405 928 1634 980 Delecius

143 1001 341 1063 f'estilen-
358 1000 627 1050 consulibus
658 1018 721 1050 eo
741 999 978 1050 difficilior
1008 1014 1109 1050 erat
1130 1037 1144 1059 ‚
1179 998 1313 1065 quod
1334 996 1602 1065 pestilentia
1616 1035 1636 1060 ,

145 1074 224 1118 tia.

357 1087 464 1136 quae
489 1071 650 1136 priore
675 1087 803 1118 anno
828 1071 876 1117 in
896 1069 1050 1119 boves
1075 1070 1320 1135 ingruerat
1336 1105 1351 1128 ,
1381 1083 1409 1114 2
1438 1083 1500 1115 eo
1529 1083 1636 1116 ver-

354 1152 480 1187 terat
505 1139 553 1187 in
579 1138 834 1187 hominum
856 1137 1057 1186 morbos
1081 1138 1163 1203 qui
1180 1135 1446 1185 inciderant
1466 1172 1481 1193 ‚
1509 1133 1635 1184 haud

353 1204 492 1254 facile
523 1206 783 1272 septimum
815 1206 944 1255 diem
976 1204 1261 1272 superabant
1289 1221 1299 1252 :
1333 1205 1414 1270 qui
1444 1201 1636 1268 supera-

353 1274 501 1335 bant,
528 1275 801 1342 longinquo
819 1311 833 1333 ,
859 1275 1071 1324 maxime
1103 1288 1346 1339 quartanae
1367 1309 1383 1332 ,
1417 1271 1636 1337 implica-

353 1342 526 1392 bantur
560 1342 756 1393 morbo.
799 1341 1002 1391 Servitia
1034 1341 1242 1391 maxime
1274 1340 1636 1400 moriebantur3

354 1427 526 1461 eorum
573 1410 751 1478 strages
796 1428 882 1477 per
930 1428 1102 1459 omnes
1143 1411 1244 1458 vias
1285 1407 1639 1474 insepultorum

355 1496 474 1528 erat.
508 1478 585 1528 Ne
607 1480 872 1530 liberorum
894 1478 1091 1545 quidem
1113 1476 1358 1526 funeribus
1383 1493 1405 1543 3
1427 1476 1635 1526 Libitina

351 1546 634 1597 sufficiebat.
668 1547 927 1597 Cadavera
946 1585 961 1606 ‚
989 1544 1163 1595 intaeta
1186 1564 1212 1594 a
1234 1547 1430 1597 canibus
1449 1563 1504 1593 ac
1529 1545 1637 1594 vul-

353 1618 538 1665 turibus
562 1655 575 1678 ,
613 1615 750 1665 tabes
779 1615 1060 1665 absumebat
1084 1632 1094 1662 2
1124 1612 1325 1680 satisque
1358 1612 1636 1675 constabat,

349 1700 443 1733 nec
476 1686 559 1734 illo
581 1721 597 1745 ,
635 1701 726 1734 nec
752 1686 912 1750 priore
939 1702 1069 1732 anno
1099 1684 1146 1730 in
1164 1697 1294 1731 tanta
1317 1680 1467 1749 strage
1485 1681 1636 1730 boum

350 1753 706 1817 hominumque
738 1754 1000 1801 vulturium
1033 1751 1229 1817 usquam
1258 1750 1425 1799 visum.
1469 1748 1636 1800 Sacer·-

353 1821 496 1871 dotes
529 1821 710 1887 publici
744 1820 802 1869 ea
840 1818 1109 1886 pestilentia
1146 1820 1324 1868 mortui
1353 1818 1458 1867 sunt
1483 1856 1497 1878 ‚
1539 1816 1635 1868 Cn.

351 1889 584 1938 Servilius
618 1887 790 1955 Caepio
824 1887 1048 1954 pontifex
1078 1925 1092 1947 ‚
1130 1902 1266 1953 pater
1296 1888 1514 1953 praetoris
1534 1886 1635 1947 r&

352 1956 437 2006 Ti.
467 1958 785 2023 Sempronius
806 1956 884 2006 Ti.
902 1956 955 2005 F.
978 1956 1177 2023 Longus
1199 1955 1449 2007 decemvir
1483 1954 1635 2003 sacro·

353 2042 459 2075 rum
486 2066 500 2088 ‚
533 2026 585 2075 ἃ
617 2025 670 2075 Ρ.
701 2025 852 2074 AElius
881 2025 1036 2075 Paetus
1072 2042 1221 2091 augur
1242 2062 1255 2082 .,
1291 2023 1343 2072 &
1380 2022 1462 2072 Ti.
1491 2021 1635 2072 Sem-

354 2097 556 2161 pronius
578 2093 827 2144 Gracchus
852 2133 865 2156 ,
897 2093 947 2143 &
982 2093 1044 2142 C.
1068 2092 1310 2141 Mamilius
1332 2091 1528 2140 Vitulus
1553 2109 1635 2140 cu-

353 2164 427 2212 rio
472 2166 707 2211 maximus
733 2201 746 2222 ,
792 2163 844 2212 &
895 2161 968 2211 M.
1001 2161 1317 2226 Sempronius
1364 2158 1634 2208 Tuditanus

355 2231 598 2298 pomifex.
637 2250 669 2293 4
697 2229 959 2280 Pontifices
991 2229 1169 2279 suffecti
1198 2228 1301 2277 sunt
1324 2265 1338 2288 ,
1374 2227 1437 2277 C.
1469 2227 1634 2294 Sulpi·-

352 2302 457 2348 cius
484 2298 644 2350 Galba
664 2301 711 2347 in
733 2299 897 2348 locum
919 2298 1170 2347 Tuditani.
1206 2297 1427 2363 Augures
1459 2294 1633 2345 suffeffi

348 2367 457 2418 sunt
476 2407 492 2430 ‚
520 2369 568 2418 in
592 2367 805 2419 Gracchi
829 2368 1020 2429 locu-m,
1047 2365 1113 2417 T.
1137 2366 1367 2415 Veturius
1386 2363 1633 2413 Gracchus

412 2485 437 2512 2
460 2471 558 2524 Eo]
593 2471 728 2513 Anno.
1020 2472 1066 2512 C.
1081 2469 1281 2526 Sulpicius
1300 2467 1432 2509 Galba
1447 2468 1487 2508 in
1503 2468 1628 2508 locum

411 2545 430 2585 3
454 2533 662 2587 Libitina]
687 2533 783 2575 Vid.
800 2543 887 2575 not.
909 2546 952 2582 2,
1022 2532 1241 2586 Tuditani]
1278 2532 1356 2572 Hic
1386 2529 1534 2571 excidit
1558 2542 1629 2568 no·
1654 2540 1659 2541 ⁷

342 2595 396 2636 ad
429 2597 457 2636 Ι.
492 2595 566 2635 XL
584 2627 594 2645 ‚
618 2610 655 2635 c.
682 2607 750 2647 19.
1018 2609 1109 2634 men
1130 2593 1217 2646 ejus
1246 2594 1516 2647 quiinlocuxu
1539 2591 1626 2630 Cae·

400 2668 437 2707 4
450 2655 666 2714 Pontifices
677 2649 952 2713 fiffififfwr,
1016 2656 1147 2711 pionis
1159 2656 1348 2711 pontifex
1361 2653 1546 2697 suffec‘lus
1558 2651 1626 2694 est.
