1670 3068
258 109 621 182 Lemnia

702 106 1079 167 XXXIX.
1226 111 1307 183 69

26 202 224 259 quoque
259 191 553 255 accipiendis
581 189 720 239 tristis
762 190 812 238 ὃς
854 188 1015 254 aspera
1055 192 1101 237 in
1134 208 1304 240 omnes
1327 201 1520 256 U‚c,568,·

31 260 225 314 ordines
271 260 465 306 censura
512 258 614 306 fuit.
665 257 970 307 ornamenta
1018 256 1070 305 &
1123 258 1303 306 vestem
1327 271 1345 298 11
1367 265 1412 297 Γ·
1435 260 1521 307 184·

30 327 315 376 muliebrem
338 329 387 373 ὅ(
408 325 650 381 vehicula,
675 343 779 390 quae
804 325 949 390 pluris
992 324 1133 390 quam
1169 329 1305 391 quin-

33 395 190 443 decim
215 393 415 443 millium
452 398 554 442 aeris
577 392 724 441 essent
747 431 760 450 ,
785 393 813 440 8
836 395 882 440 in
906 401 1096 440 centum
1131 393 1309 441 referre

31 463 245 513 viatores
265 460 415 526 juffit:
440 464 558 510 item
584 463 837 526 mancipia·
858 462 1046 508 minora
1074 462 1206 508 annis
1243 464 1311 509 vi-

36 530 188 597 ginti,
213 547 314 594 quae
349 528 454 594 post
476 532 746 595 proximum
780 527 975 576 lustrum
1007 529 1178 576 decem
1205 530 1319 576 mil-

37 597 158 647 libus
192 601 295 645 aeris
318 634 332 656 ,
369 615 447 645 aut
495 615 557 646 eo
609 599 754 662 pluris
799 596 1065 656 venustat,
1095 611 1125 661 9
1153 599 1221 645 uti
1262 613 1321 646 ea

100 684 124 725 S
158 684 200 724 ln
224 682 373 738 cenficm
393 683 536 737 referre
560 688 644 723 ria-

40 757 144 786 tores
164 745 296 800 juſjit]
337 745 432 784 Haec
459 745 646 784 mendosa

38 807 228 847 videntur
251 834 263 853 ‚
304 806 598 859 legendumque
628 819 644 851 A:

41 868 82 908 in
122 865 270 921 censum
307 867 457 920 deferre
492 867 648 918 juratos

36 928 159 986 juffit.
181 931 224 969 ln
242 929 398 968 censum
426 927 654 980 deferebant

43 991 154 1030 cives
199 992 263 1043 qui
305 989 598 1043 profitebantur
638 1004 650 1029 ε

43 1061 85 1091 at
105 1049 247 1105 referre
277 1052 484 1091 censorum
515 1052 568 1090 est
592 1064 654 1090 ac-

46 1112 277 1165 cipientium
311 1114 484 1152 censum.
523 1113 654 1152 Dein-

48 1174 128 1221 de,
163 1175 254 1228 quid
289 1175 361 1213 sibi
405 1176 530 1214 veiint
576 1176 654 1213 hoc

47 1236 143 1276 loco
163 1236 219 1275 illi
240 1235 410 1276 viatores
425 1265 434 1281 ‚
456 1251 575 1276 nemo
596 1237 656 1274 vi-

49 1297 135 1337 det.
166 1297 221 1336 At
257 1312 335 1337 vox
366 1297 523 1349 juratos
553 1298 656 1350 opti-

49 1357 111 1398 me
144 1359 324 1412 quadrat.
358 1359 520 1398 Constat
554 1360 657 1398 enim

53 1420 160 1460 cives
209 1434 347 1460 omnes
388 1420 548 1460 coaetos
581 1420 658 1460 esse

50 1478 185 1534 jurare
205 1510 216 1528 ,
238 1481 278 1520 se
299 1481 551 1534 poffeffiones
574 1482 660 1521 suas

52 1541 149 1581 vere
168 1543 205 1582 δι
227 1543 331 1582 bona
349 1541 426 1582 fide
447 1543 660 1583 aestimass'e.

55 1602 151 1643 Hoc·
191 1617 289 1656 ergo
324 1602 427 1643 triste
465 1604 506 1644 ὃ(
548 1605 661 1657 aspe-

58 1678 145 1704 rum
174 1663 246 1703 fuit
265 1664 303 1702 in
336 1665 406 1703 hac
428 1675 539 1716 parte
562 1679 661 1704 cen-

58 1723 184 1772 surae,
219 1724 323 1778 quod
346 1752 358 1772 ,
393 1740 511 1779 quum
544 1737 662 1765 antea

62 1800 293 1827 ornamenta
315 1814 326 1834 ,
355 1786 395 1826 ὅ(
431 1787 548 1827 vestis
576 1801 664 1826 mu-

56 1847 222 1894 liebris,
252 1847 293 1888 δι
339 1847 523 1888 vehicula
567 1862 663 1888 cen-

56 1908 113 1949 sui
133 1923 212 1948 non
232 1908 567 1957 adscriberentur,
586 1910 666 1949 Ca-

58 1978 103 2010 to
132 1968 233 2022 juffit
269 1970 436 2010 adscribi
460 1986 546 2024 quae
582 1972 666 2024 plu-

59 2031 112 2072 ris
159 2034 271 2084 quarn
316 2032 541 2085 quindecim
579 2032 667 2072 mil-

59 2092 155 2133 IIum
172 2093 258 2132 aeris
279 2092 401 2133 essent
421 2125 432 2142 ‚
466 2094 506 2132 ὃ(
527 2105 667 2134 ternos

61 2153 101 2192 in
130 2154 249 2192 miliia
280 2154 366 2193 aeris
390 2155 566 2194 attribuit
588 2183 599 2202 ,
629 2156 668 2194 id

66 2213 148 2259 est,
180 2214 219 2253 in
254 2213 400 2270 fingula
427 2217 513 2256 aeris
547 2217 668 2255 millia

63 2285 202 2316 ternos
215 2276 300 2314 :eris
317 2276 446 2331 gravis
460 2305 470 2323 ‚
489 2276 568 2317 five
591 2288 668 2318 ter·

65 2349 139 2377 nos
174 2337 304 2376 veteri
335 2338 592 2378 aestimatione
615 2337 681 2378 as-'

65 2397 125 2438 ses
145 2424 155 2444 ,
187 2398 326 2438 tributi
361 2400 519 2439 nomine
550 2399 672 2452 pendi

66 2458 212 2498 voluit.
267 2458 392 2499 Porro
444 2461 669 2514 quindecim

65 2519 184 2559 millia
198 2520 286 2561 aeris
304 2521 432 2574 gravis
447 2522 555 2574 paria
573 2522 670 2564 aesti-

67 2594 220 2620 mamus
242 2583 384 2622 marcis
412 2584 568 2638 argenti
603 2597 674 2623 no·

69 2639 251 2687 stratibus
270 2654 320 2699 23
345 2671 357 2694 ,
374 2658 464 2686 cum
478 2645 602 2688 unciis
623 2657 642 2699 3
661 2677 675 2698 ,

710 682 908 723 semuncia
934 695 985 722 ιι.

772 756 796 796 9
832 743 904 783 Uti
937 757 983 782 ea
1017 757 1163 796 quoque
1195 744 1324 783 decem

710 818 825 844 tanco
841 805 967 859 pluris
986 803 1001 856 ]
1035 804 1145 858 Lege
1164 832 1174 850 ,
1198 805 1326 845 decies

713 880 841 906 tanto.
868 865 1073 915 Mancipia
1105 866 1328 919 antiquitus

715 928 1040 968 adscribebantur
1062 927 1209 967 censui.
1247 927 1330 968 Sed

717 991 795 1030 hoc
815 1004 964 1030 novum
986 989 1024 1028 ὅ(
1048 989 1136 1028 sane
1172 1003 1293 1044 grave
1314 1016 1328 1038 ,

719 1052 826 1104 quod
853 1050 1047 1103 mancipia
1067 1078 1078 1098 ‚
1097 1065 1183 1103 quae
1205 1051 1334 1091 mino·

718 1128 761 1152 ra
791 1113 900 1152 annis
932 1112 1073 1166 viginti
1110 1125 1240 1165 empta
1270 1111 1335 1152 es-

718 1175 804 1214 sent
832 1175 973 1214 decem
1003 1174 1176 1213 millibus
1208 1174 1297 1214 aeris
1321 1200 1334 1221 ,

718 1246 785 1275 aut
812 1250 862 1275 eo
883 1234 1004 1288 pluris
1022 1262 1032 1281 ‚
1061 1235 1195 1274 decies
1215 1245 1331 1276 tanto

719 1297 842 1351 pluris
854 1297 1098 1336 aestimavere
1113 1297 1301 1336 censores
1317 1323 1331 1344 ,

721 1362 836 1413 quam
864 1357 998 1412 quanti
1026 1371 1157 1411 empta
1175 1357 1332 1405 essent,

724 1422 765 1461 ὅ(
778 1431 916 1460 ternos
933 1419 970 1458 in
987 1419 1107 1458 millia
1124 1419 1211 1459 aeris
1232 1433 1336 1473 pen-

723 1482 760 1521 di
778 1482 986 1534 jufferunt.
1016 1481 1154 1533 Iraque
1174 1481 1239 1534 qui
1260 1482 1338 1521 de-

725 1557 813 1582 cem
845 1543 1019 1581 millibus
1052 1541 1168 1594 hujus
1202 1542 1335 1583 aetatis

725 1604 961 1656 mancipium
979 1602 1156 1652 emisset,
1182 1603 1219 1642 ei
1239 1617 1337 1644 cen-

725 1676 809 1704 tum
841 1665 1014 1704 millibus
1053 1678 1074 1702 a
1107 1664 1339 1705 censoribus

725 1726 824 1765 illud
838 1724 1099 1765 aestimabatur
1115 1738 1125 1765 ε
1142 1740 1187 1764 ac
1202 1727 1339 1779 proin·

727 1788 776 1826 de
798 1798 987 1826 trecenos
1005 1785 1091 1827 aeris
1109 1789 1239 1841 gravis
1261 1788 1338 1827 do-

727 1848 855 1888 minus
886 1862 937 1888 eo
964 1848 1125 1887 nornine
1158 1850 1339 1901 pendere

728 1911 967 1965 cogebatur.
1026 1909 1229 1951 Censores
1273 1909 1340 1963 jus

729 1970 902 2011 habuisse
927 1969 1259 2011 aestimandi-bona
1286 1972 1340 2012 ci·

728 2033 837 2072 vium
854 2060 864 2079 ‚
885 2032 1021 2085 quanti
1047 2033 1201 2072 vellent
1218 2061 1228 2080 ,
1259 2034 1340 2087 jam

731 2094 901 2134 ostendit
921 2093 1055 2133 Livius
1075 2122 1086 2140 ‚
1110 2095 1136 2133 l.
1170 2094 1231 2134 IV
1255 2122 1265 2140 ‚
1299 2108 1341 2138 c.

733 2168 807 2205 24.
829 2155 921 2194 Hoc
948 2155 1067 2209 igitur
1085 2157 1206 2195 modo
1232 2154 1341 2197 Cato

731 2217 926 2256 luxuriam
951 2216 1140 2271 castigare
1165 2217 1206 2258 ὅ(
1227 2231 1343 2257 coer-

734 2292 827 2318 cere
840 2277 1039 2332 aggreffus
1058 2277 1112 2317 est
1128 2309 1140 2328 ‚
1157 2293 1206 2318 ne
1227 2278 1339 2332 quis.

734 2339 840 2392 quod
871 2339 958 2379 fieri
995 2350 1171 2392 coeptum
1216 2349 1300 2379 erat
1323 2367 1341 2386 ,

734 2400 773 2441 in
806 2400 912 2440 veste
943 2428 956 2445 ,
992 2400 1030 2440 ὅ(
1068 2401 1217 2442 mundo
1250 2415 1343 2440 mu-

731 2462 846 2503 liebri
868 2490 878 2505 .
920 2461 962 2503 &
996 2462 1193 2502 vehiculis
1214 2489 1226 2508 ,
1256 2472 1342 2502 tum

734 2523 902 2563 servitiis
926 2523 1076 2562 teneris
1112 2537 1156 2562 ac
1189 2523 1342 2563 delica-

735 2584 786 2625 tis
820 2584 1011 2624 habendis
1045 2584 1343 2637 comparandis-

739 2659 816 2702 que
845 2672 858 2695 ,
905 2644 1066 2687 civilem
1106 2646 1269 2688 modum
1300 2646 1348 2697 ὃς

1370 317 1534 371 ,ἳεινενιῖᾲι

1331 391 1388 416 tas
1421 379 1463 417 in

1332 453 1399 478 cen
1422 455 1465 480 u·
