1670 3068
357 105 712 160 LIBER
813 97 966 156 XL.
1173 121 1278 182 145

0 186 177 254 ‘majore
211 188 262 234 νὶ
289 203 495 250 equorum
520 181 746 247 finieris,
780 182 827 244 st
857 179 1090 247 effienatos
1128 185 1175 235 in
1212 204 1285 232 eos
1301 199 1491 249 U.c·572.

15 258 150 322 (equos
175 254 452 301 immittitis:
488 251 621 317 quod
659 249 783 313 saepe
814 249 1066 297 Romanos
1099 253 1286 315 equites
1301 254 1493 299 a.(,'.180.

22 340 128 372 cum
166 338 336 387 magna
367 319 508 366 laude
553 315 708 366 fecisse
741 316 852 375 sua,
898 319 1146 365 memoriae
1182 335 1293 382 pro-

19 391 168 440 ditum
187 386 270 436 est.
301 385 448 435 Dicto
480 400 737 451 paruerunt
759 421 773 444 ‚
806 383 1118 450 detraffisque
1145 384 1293 433 frenis

21 459 91 508 bis
123 456 246 503 ultro
289 455 508 520 citroque
537 470 646 501 cum
677 470 850 518 magna
880 450 1031 518 strage
1058 451 1295 513 hostium,

21 522 221 574 infrastis
253 522 473 570 omnibus
508 519 675 579 hastis,
705 519 1093 568 transcurrerunt.
1137 518 1295 567 Diffi-

23 606 134 658 pato
155 584 308 638 cuneo
331 626 343 648 ‚
376 592 424 637 in
450 607 546 654 quo
573 589 730 636 omnis
769 588 872 652 spes
908 587 1062 636 fuerat
1084 626 1097 647 ‚
1131 585 1296 636 Celti-

22 658 122 709 beri
145 657 382 722 trepidare
405 693 419 715 ,
452 658 501 704 ὃ(
534 672 691 721 prope
726 654 891 703 omissa
928 655 1091 720 pugna
1127 656 1294 703 locum

24 725 142 792 fugae
172 725 551 790 circumspicere.
593 721 651 770 Et
681 737 710 785 9
741 723 870 770 alarii
892 725 1073 788 equites
1095 759 1109 781 ‚
1153 721 1296 788 post-

16 809 169 860 quam.
203 791 536 840 Romanorum
579 793 793 856 equitum
832 804 930 837 tam
974 791 1295 839 memorabile

22 860 199 911 facinus
224 859 385 907 videre
408 897 421 919 ‚
456 859 504 906 ὅ(
540 858 626 925 ipsi
660 860 838 907 virtute
871 874 1041 921 eoru-m
1075 858 1293 918 accensi,

23 926 280 978 fineullius
306 928 511 992 imperio
533 963 547 984 ‚
584 929 630 973 in
663 926 964 991 perturbatos
1001 923 1096 989 jam
1133 925 1292 975 hostes

22 1012 171 1061 equos
203 997 481 1043 immittunt.
518 992 658 1041 Tunc
693 995 810 1041 vero
850 991 1083 1042 Celtiberi
1115 1011 1288 1043 omnes
1341 1006 1499 1053 Caedem-⁴

25 1065 72 1112 in
97 1062 259 1130 fugam
293 1061 600 1111 effunduntur
625 1098 638 1120 ‚
679 1060 728 1109 δε
759 1063 1019 1127 imperator
1041 1060 1384 1110 Romanustur.

25 1132 212 1180 aversos
249 1130 404 1179 hostes
437 1131 790 1194 contemplatus
821 1166 834 1187 ‚
878 1129 1032 1177 aedem
1066 1128 1295 1179 Fortunae.

27 1196 269 1265 Equestri,
300 1198 508 1264 Jovique
533 1196 744 1262 Optimo
781 1196 1000 1245 Maximo
1032 1197 1173 1244 ludos
1194 1217 1297 1247 vo·-

27 1269 127 1326 vit·,
162 1267 408 1315 caeduntur
435 1264 669 1318 Celtiberi
700 1282 784 1329 per
811 1280 968 1313 totum
1001 1263 1167 1314 saltum
1204 1266 1299 1314 dis-

26 1333 159 1401 fipati
191 1333 319 1400 fuga.
358 1332 552 1383 Decem
585 1332 636 1381 ὃ(
672 1331 856 1397 septem
894 1334 1043 1381 millia
1088 1332 1296 1382 hostium

30 1398 340 1451 caesa'eo'die
365 1402 635 1450 traduntur:
674 1402 772 1449 vivi
797 1403 922 1465 capti
949 1401 1052 1467 plus
1074 1404 1159 1449 tria
1182 1403 1299 1450 rnil-

30 1470 123 1528 lia,
161 1469 377 1518 ducentis
425 1469 722 1535 septuaginta
765 1467 945 1533 septem
997 1486 1104 1515 cum
1155 1468 1297 1536 signis

32 1539 342 1596 militaribus,
376 1541 508 1602 equis
545 1553 700 1602 prope
730 1537 858 1583 mille
893 1552 1103 1584 centum.
1141 1536 1300 1586 Nullis

29 1605 183 1655 castris
212 1622 273 1653 eo
303 1605 380 1653 die
408 1604 558 1653 vislor
590 1605 823 1652 exercitus
858 1603 1042 1651 mansit.
1083 1603 1301 1655 Viftoria

30 1691 131 1722 non
183 1671 277 1720 sine
315 1671 490 1736 jafiura
537 1673 738 1719 militum
777 1669 906 1729 fuit3
960 1671 1298 1738 quadringenti

32 1739 329 1806 septuaginta
371 1740 468 1789 duo
505 1740 679 1786 milites
715 1737 927 1786 Romani
959 1775 973 1798 ‚
1023 1738 1200 1788 socium
1246 1758 1301 1790 ac

6 1827 15 1854 ,j
31 1805 182 1858 Latini
220 1808 426 1856 nominis
468 1807 597 1855 mille
645 1806 890 1854 decem&
931 1823 1110 1856 novem
1136 1847 1149 1866 ‚
1185 1805 1313 1859 cum'

36 1875 103 1925 his
126 1877 211 1924 tria
232 1876 378 1924 millia
408 1875 610 1922 militum
642 1874 991 1923 auxiliariorum
1024 1877 1303 1940 perierunt;

34 1944 100 2001 ita
129 1943 282 1992 νὶξὶοι·
313 1945 546 1992 exercitus
581 1978 596 2003 ‚
637 1942 871 2001 renovata
916 1944 1075 2007 priore
1113 1945 1265 2010 gloria
1287 1983 1303 2006 ‚

0 2049 1 2053 ,
35 1999 362 2060 Tarraconem
381 2009 447 2059 est
467 2009 737 2075 perdufius.
765 2009 995 2059 Venienti
1025 2010 1198 2060 Fulvio
1220 2011 1303 2063 Ti.

40 2077 346 2144 Sempronius
376 2093 554 2144 praetor
573 2116 588 2138 ‚
623 2078 704 2143 qui
736 2077 884 2126 biduo
924 2079 1036 2126 ante
1059 2095 1260 2128 venerat
1285 2118 1302 2141 ‚

39 2147 230 2196 obviam
253 2144 476 2212 proceffit
497 2163 507 2193 τ
535 2144 883 2212 gratulatusque
901 2143 995 2206 est,
1021 2146 1151 2212 quod
1175 2164 1306 2196 rem-

39 2215 274 2280 publicam
293 2214 484 2280 egregie
502 2211 721 2279 gestisset.
746 2211 873 2261 Cum
897 2213 1077 2261 summa
1098 2232 1309 2263 concor-

41 2281 116 2332 dia
135 2319 149 2343 ‚
179 2299 300 2347 quos
322 2282 614 2330 dimitterent
628 2318 642 2340 ‚
663 2279 877 2346 quosque
896 2283 1159 2331 retinerent
1178 2283 1308 2331 mili-

43 2361 138 2409 tes,
165 2348 552 2414 composuerunt.
589 2346 710 2396 Inde
730 2347 924 2396 Fulvius
948 2386 961 2405 ,
988 2350 1304 2400 exausloratis

41 2415 262 2465 militibus
285 2420 330 2465 in
353 2433 497 2466 naves
517 2414 748 2481 impofitis
767 2453 781 2475 ‚
815 2415 1026 2465 Romam
1047 2417 1112 2466 est
1143 2417 1302 2484 profe·
1364 2428 1444 2469 Res
1469 2432 1511 2476 in

45 2483 156 2534 Eius.
176 2483 486 2550 Sempronius
508 2485 554 2531 in
576 2482 888 2532 Celtiberiam
919 2484 1129 2551 legiones
1152 2488 1302 2534 duxit.
1322 2491 1482 2545 Lfguria

112 2550 242 2602 XLI.
288 2550 521 2602 Consules
569 2551 713 2599 ambo
753 2553 801 2599 in
839 2551 1038 2619 Ligures
1070 2552 1443 2612 exercitusgestae·

108 2647 134 2689 9
153 2637 283 2679 Alaril
310 2638 488 2692 equites]
520 2636 686 2692 Equites
714 2636 826 2682 socii.

120 2697 240 2746 Tom.
280 2700 363 2748 Vl.
989 2692 1041 2747 G
