1670 3068
246 90 618 150 L1BER
701 86 1073 149 XXXIX.
1245 92 1324 168 67

43 178 175 225 metu
205 172 340 223 mist&
374 171 768 237 exspefilatione,
803 170 1019 220 senatum
1059 171 1278 236 legerunt
1305 188 1320 231 ;
1343 177 1536 229 U.c.568.

44 241 227 306 septem
249 257 511 290 moverunt
546 241 740 298 senatu,
766 256 825 287 ex
861 240 1032 304 quibus
1063 256 1213 286 unum
1248 243 1320 286 in-
1342 234 1542 283 a·C·1⁴34·

44 307 226 376 signem
249 309 302 357 &
335 310 586 356 nobilitate
604 345 618 365 ,
658 308 711 355 &
736 307 1000 355 honoribus
1022 343 1038 364 ‚
1069 305 1126 354 L.
1159 306 1318 369 Quin-
1343 309 1390 347 L.
1411 307 1539 374 Quin·

45 379 165 425 tium
201 377 519 426 Flamininum
550 375 866 424 consularem.
900 373 1093 422 Parrum
1128 390 1318 422 memo·
1341 371 1543 421 massana·

47 445 114 493 ria
139 444 399 493 institutum
433 443 614 502 fertur,
650 459 701 492 ut
728 443 949 491 censores
980 443 1125 490 motis
1161 441 1323 490 senatu
1344 443 1538 471 mmmm·

44 510 368 561 adscriberent
413 529 569 560 notas.
611 509 815 560 Catonis
867 513 921 558 &
974 510 1075 557 aliae
1123 509 1326 574 quidem

45 579 231 629 acerbae
262 582 509 628 orationes
547 578 727 628 exstant
772 580 819 626 in
855 595 940 626 eos
973 596 1097 643 quos
1136 593 1216 625 aut
1252 576 1328 626 se·

45 649 238 696 natorio
270 648 382 696 loco
406 647 559 695 movit
578 683 592 705 ,
623 661 704 694 aut
735 647 908 710 quibus
940 661 1091 710 equos
1112 644 1326 694 ademit:
1354 644 1359 653 '

43 713 193 780 longe
226 713 494 782 graviffima
538 715 588 761 in
628 714 686 761 L.
719 713 978 778 Quintium
1014 713 1172 761 oratio
1221 710 1327 772 est,

44 783 139 847 qua
171 780 204 830 st
233 782 491 831 accusator*
510 795 620 844 ante
655 798 822 828 notam
843 818 856 836 ,
888 798 987 828 non
1011 782 1178 828 censor
1219 778 1329 844 post

45 865 214 898 notam
243 849 348 898 usus
377 846 490 897 esset
511 886 525 907 ,
557 851 762 898 retinere
793 847 1054 911 Quintium
1087 850 1135 895 in
1165 847 1330 896 senatu

45 934 106 966 ne
141 916 282 966 frater
312 917 509 982 quidem
542 914 614 979 vT.
649 914 911 979 Quintius,
943 914 977 962 st
1021 931 1125 963 tum
1161 915 1330 964 censor

44 982 194 1043 effet,
229 983 470 1050 potuisset.
506 982 638 1032 Inter
672 1001 832 1033 cetera
865 982 1048 1046 objecit
1082 985 1124 1032 ei
1156 1001 1166 1030 :
1213 982 1331 1032 Phi-

44 1051 233 1117 lippum
283 1051 486 1100 Poenum
519 1089 532 1112 ,
573 1069 735 1099 carum
771 1070 825 1100 ac
866 1052 1029 1101 nobile
1069 1051 1279 1100 scortum
1311 1087 1330 1113 ,

45 1119 105 1169 ab
134 1116 295 1168 Roma
320 1122 368 1168 in
390 1119 601 1169 Galliam
633 1121 932 1184 provinciam
951 1118 1030 1184 spe
1063 1121 1330 1186 ingentium

46 1187 288 1236 donorum
320 1187 598 1254 perdufium
634 1204 648 1248 ;
681 1205 790 1235 eum
822 1205 1023 1253 puerum
1045 1226 1057 1245 ,
1086 1205 1173 1252 per
1197 1187 1332 1236 lasci·

45 1257 177 1306 viam
227 1274 373 1321 quum
425 1256 761 1313 cavillaretur,
810 1256 1101 1318 exprobrare
1145 1255 1329 1303 consuli

45 1323 257 1389 persaepe
295 1323 483 1372 solitum
506 1363 519 1382 ‚
552 1324 685 1386 quod
711 1323 792 1370 sub
824 1322 978 1388 ipsum
1012 1322 1331 1385 spectaculum

46 1391 382 1457 gladiatorium
418 1392 647 1439 abdufflus
684 1392 741 1438 ab
779 1391 939 1439 Roma
975 1390 1124 1448 effet,
1158 1406 1208 1438 ut
1241 1392 1331 1439 ob-

44 1458 260 1523 sequium
298 1462 500 1508 amatori
528 1460 817 1508 venditaret.
849 1458 996 1507 Forte
1026 1458 1332 1523 epulantibus

48 1526 141 1585 iis,
179 1545 326 1592 quum
366 1526 462 1590 jam
517 1529 634 1574 vino
676 1525 968 1574 incaluissent
996 1563 1011 1584 ,
1057 1529 1329 1576 nuntiatum

45 1593 96 1642 in
135 1595 365 1642 convivio
401 1593 492 1643 esse
514 1632 527 1649 ,
562 1594 774 1642 nobilem
812 1592 988 1641 Boium
1029 1611 1135 1640 cum
1170 1595 1330 1643 liberis

47 1661 343 1728 transfugam
368 1659 544 1710 venisse
572 1679 585 1718 ;
608 1664 870 1709 convenire
895 1660 1140 1708 consulem
1163 1663 1290 1711 velle
1308 1701 1328 1723 ‚

49 1745 101 1777 ut
132 1731 190 1777 ab
222 1748 281 1777 eo
304 1728 452 1777 fidem
472 1728 677 1794 praesens
698 1730 940 1793 acciperet
963 1746 976 1786 ;
1003 1729 1328 1779 introduehim

47 1797 96 1843 in
133 1797 491 1846 tabernaculum
528 1813 613 1858 per
647 1798 957 1861 interpretem
993 1797 1174 1863 alloqui
1211 1815 1331 1846 con-

45 1863 193 1913 sulem
246 1863 454 1930 coepiffe.
493 1864 625 1912 Inter
674 1861 806 1926 cujus
845 1863 1117 1912 sermonem
1167 1865 1331 1928 Quin-

44 1933 138 1980 tius
177 1933 333 1981 scorto
352 1971 366 1988 ,
405 1935 491 1981 Vis
522 1948 570 1981 tu
591 1970 608 1990 ‚
637 1933 791 1987 inquit
812 1970 826 1992 ,
855 1934 1069 1996 quoniam
1101 1933 1331 2000 gladiato-

45 2001 160 2048 rium
189 1998 494 2065 spec-fraculam
531 2001 745 2066 reliquisti
781 2038 799 2058 ,
834 1998 938 2066 jam
981 2001 1098 2048 hunc
1135 2003 1329 2050 Gallum

48 2069 298 2115 morientem
333 2066 524 2133 aspicere
556 2071 582 2115 ?
609 2066 667 2114 Et
711 2086 858 2132 quum
893 2069 930 2114 is
969 2069 1167 2116 vixdum
1211 2068 1331 2118 serio

46 2133 278 2184 annuiss‘et
316 2172 330 2193 ‚
369 2135 429 2182 ad
470 2150 638 2184 nurum
689 2135 831 2184 scorti
877 2134 1122 2183 consulem
1172 2135 1330 2184 ssriffito

47 2201 211 2267 gladio
235 2239 249 2260 ‚
294 2205 372 2267 qui
412 2202 567 2267 super'
595 2218 736 2268 caput
778 2204 1060 2269 pendebat,
1112 2204 1332 2269 loquenti

46 2266 197 2319 Gallo
238 2285 378 2334 caput
428 2273 634 2332 primum
685 2268 987 2335 percuffisse,
1030 2270 1204 2319 deinde
1252 2271 1330 2320 fu-

47 2338 194 2405 gienti
218 2375 230 2390 ,
266 2335 505 2403 fidemque
528 2340 697 2404 populi
728 2339 968 2396 Romani,
993 2353 1135 2403 atque
1160 2357 1330 2389 eorum

49 2407 128 2472 qui
164 2405 388 2453 aderant.
420 2408 725 2471 imploranti,
754 2408 876 2456 latus
909 2406 1223 2455 transfodisse.

47 2480 49 2482 ’
120 2471 276 2521 XLIII
328 2472 550 2523 Valerius
584 2475 784 2536 Antias,
817 2493 866 2524 ut
900 2477 977 2538 qui
1010 2492 1097 2522 nec
1121 2473 1328 2524 Catonis

47 2543 318 2591 orationem
357 2541 577 2608 legiffet,
619 2544 670 2591 ὅ(
707 2559 728 2607 3
773 2543 945 2591 fabulae
994 2544 1174 2590 tantum
1227 2543 1324 2591 line

105 2638 129 2682 3
151 2627 358 2672 Fabulae...
381 2629 467 2684 fine
499 2630 652 2671 αιιὲἶονε
686 2632 826 2678 edrtaej
864 2629 962 2670 Eum
1004 2641 1139 2670 tamen
1169 2629 1325 2684 opinio>-
