1670 3068
338 118 452 177 370
616 99 1325 157 T1T1L1vt'1
1614 173 1619 178 ἱ

125 189 314 244 [llo-533·
331 180 418 246 ipsi
442 194 635 231 montes
656 219 670 242 ,
698 198 787 247 per
808 198 931 248 quos
952 178 1301 229 descenderant
1316 217 1331 242 ‚
1356 177 1613 247 repetendi

124 247 506 310 a·(2'·169·eirant;
540 265 562 315 3
598 249 731 316 quod
751 264 800 298 ut
833 248 962 297 furto
989 246 1266 297 fefellerant
1286 284 1302 308 ‚
1336 248 1401 296 ita
1433 266 1611 314 propa-

329 317 426 366 lam
450 356 464 379 ‚
496 318 772 367 tenentibus
804 315 1050 382 superiora
1080 318 1330 364 cacumina
1363 315 1613 375 hostibus,

328 403 431 435 non
476 399 746 450 poterant:
801 384 852 433 ὅ(
900 398 1101 450 experta
1140 382 1432 444 difficultas,
1476 382 1610 449 spem

329 471 531 503 omnem
566 450 817 500 incidisset.
856 450 1116 518 Supererat
1142 452 1260 500 nihil
1291 451 1418 500 aliud
1450 451 1499 498 in
1535 466 1611 501 te-

326 539 462 571 mere
482 518 732 570 commisso
747 558 760 579 ‚
781 518 926 586 quam
946 522 994 569 in
1012 519 1361 569 Macedoniam
1380 519 1440 567 ad
1459 517 1613 570 Dium

327 608 416 656 per
436 589 624 638 medios
650 589 859 637 evadere
883 586 1070 637 hostes:
1096 588 1230 655 quod
1248 626 1263 649 ,
1292 587 1376 636 nisi
1395 588 1460 635 dii
1477 605 1637 637 men--

328 674 431 707 tem
461 659 564 724 regi
589 656 871 706 ademiffent
889 694 903 717 ,
944 655 1098 722 ipsum
1121 656 1330 724 ingentis
1360 654 1616 705 difficulta-

329 729 388 775 tis
423 742 539 775 erat.
582 724 710 774 Nam
749 742 898 791 quum
944 723 1160 791 Olympi
1207 725 1391 774 radices
1433 726 1616 774 montis

327 795 478 861 paulo
515 793 621 860 plus
661 792 807 860 quarn
830 791 964 842 mille
984 791 1199 859 pass'uum
1219 793 1278 841 ad
1304 809 1436 842 mare
1460 793 1617 842 relin—

330 878 479 928 quant
517 863 718 928 spatium
749 899 764 921 ‚
809 860 944 925 cujus
981 861 1232 910 dimidium
1266 861 1363 910 loci
1403 865 1630 927 occupat*

330 929 503 979 ostium
527 931 622 979 late
651 928 921 996 restagnans
944 926 1165 995 Baphyri
1197 931 1350 978 amnis
1374 967 1390 990 ‚
1424 945 1614 995 partem

323 999 534 1065 planitiae
573 1013 654 1051 aut
699 997 854 1047 Jovis'
883 1000 1122 1064 templum
1165 1035 1180 1057 ‚
1246 1011 1327 1047 aut
1371 998 1614 1063 oppidum

330 1079 499 1127 tenet3
534 1067 773 1131 reliquum
804 1068 1122 1134 perexiguum
1146 1064 1268 1114 fossa
1294 1066 1491 1115 modica
1510 1066 1617 1116 val-

329 1135 481 1201 loque
513 1135 668 1183 claudi
713 1149 910 1201 poterat
938 1152 948 1182 ε
991 1137 1041 1183 ὃ(
1068 1135 1291 1183 saxorum
1326 1134 1386 1182 ad
1417 1151 1616 1184 manum

324 1202 664 1269 sylvestrisque
698 1205 907 1251 materiae
939 1217 1126 1251 tantum
1160 1218 1262 1252 erat
1285 1240 1299 1262 ‚
1327 1218 1378 1251 ut
1402 1203 1484 1251 vel
1512 1220 1618 1252 mu-

329 1290 406 1320 rus
430 1270 578 1335 ob}ici
597 1271 842 1338 turresque
865 1273 1057 1319 excitari
1087 1272 1355 1336 potuerint.
1380 1269 1616 1335 Quorum
1656 1310 1664 1311 ff

330 1340 450 1388 nihil
480 1357 628 1406 quum
665 1337 934 1406 dispexisset
966 1356 1138 1388 caecata
1165 1356 1303 1388 mens
1335 1339 1490 1388 subito
1514 1354 1617 1388 ter-
1651 1369 1655 1372 ·

328 1425 474 1467 rore,
502 1426 533 1469 4
551 1408 739 1456 nudatis
762 1408 988 1456 omnibus
1018 1407 1240 1473 praesidiis
1275 1406 1614 1475 patefactisque

331 1477 466 1526 bello
488 1514 502 1535 ,
535 1477 595 1525 ad
626 1475 852 1541 Pydnam
881 1475 1078 1542 refugit.
1653 1498 1660 1502 -

402 1543 523 1593 VII.
571 1543 756 1594 Consul
807 1545 1064 1610 plurimum
1108 1543 1158 1591 δε
1196 1542 1399 1610 praefidii
1432 1543 1484 1592 &
1515 1543 1648 1609 spei*

334 1629 540 1661 cernens
575 1614 624 1660 in
658 1610 849 1661 stultitia
882 1612 932 1659 &
969 1611 1166 1680 segnitie
1205 1610 1349 1661 hostis
1372 1650 1386 1672 ‚
1423 1611 1614 1662 remiffo

333 1683 506 1730 nuntio
542 1681 602 1728 ad
634 1679 717 1746 Sp.
741 1679 1015 1739 Lucretium
1047 1678 1271 1729 Larissam
1299 1718 1311 1739 ,
1343 1694 1394 1728 ut
1427 1680 1613 1730 castella

332 1748 496 1797 relicta
519 1749 578 1797 ab
608 1747 743 1798 hoste
778 1742 902 1797 circa
928 1747 1124 1816 Tempe
1160 1763 1424 1814 occuparet
1443 1786 1458 1808 ‚
1497 1767 1617 1814 prae-

275 1839 278 1841 ·
331 1816 471 1866 miffo
507 1815 719 1883 Popillio
742 1854 757 1877 ‚
787 1817 847 1866 ad
869 1816 1208 1883 explorandos
1240 1816 1458 1865 transitus
1492 1812 1614 1866 circa

332 1883 490 1935 Dium
511 1923 525 1944 ‚
557 1883 810 1951 postquam
851 1900 1019 1949 patere
1046 1887 1210 1933 omnia
1233 1887 1279 1933 in
1309 1902 1482 1934 omnes
1506 1904 1614 1951 par-

187 1965 277 2024 c0s,
336 1966 408 2002 tes
440 1953 811 2013 animadvertit,
851 1952 1068 2001 secundis
1105 1953 1261 2002 castris
1298 1952 1521 2018 pervenit
1554 1953 1614 2002 ad
1645 1992 1653 1995 Δ

123 2029 253 2071 Diam
338 2021 493 2071 Dium
520 2038 531 2068 :
571 2024 839 2088 metarique
867 2036 887 2086 5
926 2022 1007 2069 sub
1031 2020 1133 2086 ipso
1161 2023 1347 2087 templo
1370 2059 1383 2081 ,
1418 2038 1479 2069 ne
1502 2021 1615 2087 quid

119 2093 318 2146 pen-enit.
338 2090 469 2140 sacro
494 2091 542 2138 in
565 2090 678 2140 loco
702 2090 969 2140 violaretur
989 2128 1003 2151 ,
1036 2088 1178 2156 juffit.
1208 2089 1315 2157 Ipse
1347 2090 1518 2139 urbem
1538 2091 1616 2154 ⁴in-

397 2188 416 2229 3
447 2176 568 2235 Quod
587 2188 627 2215 ut
641 2174 754 2229 furto
776 2174 943 2228 fefelle·
1007 2186 1197 2230 poterant
1234 2177 1362 2229 palam
1406 2176 1446 2217 ὅ(
1477 2177 1615 2230 apert&

331 2239 454 2292 rant]
497 2237 622 2290 Quod
671 2249 714 2278 ut
760 2238 943 2278 fecerant
1007 2238 1078 2285 vi,
1110 2238 1132 2278 fi
1165 2238 1285 2278 hostis
1311 2238 1532 2281 obstitisset.

329 2301 519 2341 fallentes
547 2300 657 2340 furto
685 2299 826 2340 Persea
849 2300 942 2339 Na-
1069 2313 1095 2348 4
1116 2296 1291 2340 Nudati's
1318 2300 1490 2341 omnibus
1516 2315 1613 2355 prae-

331 2362 619 2417 cedonasque‚
651 2361 705 2400 ita
735 2363 940 2415 propalam
997 2361 1111 2414 fidiis
1145 2363 1161 2416 ]
1210 2362 1382 2403 Nudatis
1432 2362 1633 2417 praefidzo.

327 2425 466 2465 facere
520 2437 602 2463 non
632 2433 822 2476 poterant
847 2450 861 2468 ,
915 2423 941 2463 fi
1007 2423 1189 2464 omnibus
1221 2423 1339 2464 locis.

327 2485 543 2526 tenuissent
569 2499 758 2526 cacumen
787 2484 936 2525 hostes.
1071 2485 1187 2533 5Sub
1201 2483 1283 2539 ipso
1300 2483 1610 2538 temploiTem-

327 2547 693 2587 Tranffcenderant
713 2546 937 2600 quidemil-
1002 2547 1109 2598 plum
1136 2546 1250 2588 Jovis
1285 2547 1469 2600 intellige
1497 2575 1507 2593 ,
1542 2561 1612 2586 cu·

325 2610 388 2668 los
410 2610 528 2648 saltus
545 2637 555 2655 ‚
587 2608 676 2662 quia
704 2608 936 2648 fefellerant
998 2609 1061 2661 jus
1084 2608 1149 2647 sub
1170 2607 1288 2649 finem
1320 2622 1354 2647 c.
1378 2610 1608 2660 pre-:ceden-

323 2670 475 2713 hossem
494 2685 504 2713 :
523 2670 830 2711 aridemfacere
850 2685 932 2711 non
996 2669 1046 2711 tis
1078 2671 1232 2712 mentio
1259 2669 1358 2711 frisia
1392 2669 1462 2710 est,
