1670 3068
364 113 482 191 456
650 112 704 170 T
744 129 771 169 1
812 130 853 171 T
898 130 918 170 1
1024 115 1069 171 L
1116 131 1137 170 1
1181 130 1229 167 v
1271 132 1293 170 1
1338 131 1361 170 1

159 203 212 247 U.
218 218 238 247 c
263 205 351 256 585
366 196 496 261 giomi
486 195 587 243 bus
616 198 759 262 quina
784 197 929 243 millia
963 196 1212 259 peditum,
1243 196 1294 242 &
1327 195 1539 243 ducenos
1558 193 1646 242 ha-

161 263 350 313 a.„.167.
364 263 615 322 bentibus,
661 280 771 357 eq‘sss
760 280 844 312 tes
895 279 1135 311 trecenos.
1183 262 1446 311 Praetorim
1494 260 1646 310 sortes

360 329 527 390 fuere,
560 331 630 396 Q.
649 329 792 380 Caffii
818 331 1028 386 urbana,
1063 330 1213 378 Manii
1249 329 1472 379 Juvencii
1496 327 1648 386 Thal-

360 416 435 448 nae
471 401 595 448 inter
622 399 949 463 peregrinos,
985 396 1067 446 Ti.
1097 397 1290 468 Claudii
1326 397 1535 446 Neronis
1568 396 1645 444 Si-

359 468 501 525 cilia,
545 466 642 515 Cn.
678 465 832 513 Fulvii
867 465 1095 530 Hispania
1131 461 1352 526 citerior,
1384 463 1646 514 C.L1‘cinii

358 532 537 583 Nervae
569 534 794 582 ulterior.
815 531 880 582 A.
913 534 1104 582 Manlio
1138 532 1396 613 Torquato
1429 533 1646 583 Sardinia

359 602 667 652 obvenerat·
657 639 671 661 ,
707 603 887 667 nequiit
917 603 985 651 ire
1020 604 1068 650 in
1110 605 1443 667 provinciam,
1474 601 1534 648 ad
1568 618 1644 650 res

356 672 533 736 capital
539 686 588 719 es
619 670 901 736 quaerendas
933 687 993 719 ex
1030 670 1437 719 senatusconsulto
1477 685 1645 718 reten-

198 754 347 797 Proa'z-
364 752 453 787 tus
487 737 569 787 De
598 739 830 805 prodigiis
865 739 1042 788 deinde
1091 740 1317 788 nuntiatis
1358 738 1546 787 senatus
1576 735 1643 786 est

148 816 232 874 gia.
363 805 620 856 consultu&
646 806 793 855 AEdes
822 804 1028 856 deorum
1060 805 1348 856 Penatium
1339 825 1386 855 m
1409 806 1553 855 Velia
1582 806 1651 855 de.

361 875 490 923 coelo
526 874 648 922 tafta
678 888 820 923 erat:
855 875 905 923 ὅ(
948 877 995 923 in
1025 876 1213 942 oppido
1244 875 1492 923 Minervio
1536 873 1642 922 duae

354 957 509 1009 portae
541 934 594 991 ἃ
625 945 758 990 muri
769 944 1083 1009 aliquantum.
1107 945 1340 1010 Anagniae
1359 958 1482 992 terra
1501 942 1642 1008 plue-

356 1025 459 1059 rzat
487 1010 538 1059 &
571 1010 775 1058 Lanuvii
795 1011 919 1059 fax
909 1030 956 1059 m
989 1012 1116 1060 coelo
1147 1012 1244 1060 vila
1273 1027 1389 1062 erat.
1411 1010 1469 1059 Et
1492 1029 1524 1070 4
1547 1009 1641 1059 Ca-

352 1078 510 1127 latiae
500 1095 549 1127 m
580 1079 785 1144 publico
812 1097 930 1145 agro
959 1079 1035 1128 M.
1063 1080 1286 1129 Valerius
1307 1081 1423 1128 civis
1452 1079 1640 1127 Roma·

354 1164 443 1197 nus
481 1148 730 1195 nuntiabat
759 1164 786 1196 e
827 1147 944 1197 foco
989 1147 1072 1197 suo
1107 1148 1383 1224 sanguinem
1432 1164 1520 1213 per
1550 1148 1640 1195 tri-

354 1216 506 1263 duum
541 1214 592 1264 ὅ(
633 1216 748 1264 duas
781 1216 946 1265 no&es
971 1216 1196 1267 manasse.
1230 1216 1315 1267 Ob
1347 1216 1395 1264 id
1430 1216 1553 1264 maxi
1557 1214 1636 1263 ιῃὲ

353 1284 623 1333 decemviri
637 1285 799 1333 ‘libros
827 1285 955 1334 adire
982 1283 1121 1349 Juffi,
1157 1285 1555 1352 supplicationem
1587 1286 1636 1332 in

353 1352 485 1400 diem
530 1370 679 1401 unum
725 1354 912 1417 populo
955 1354 1243 1412 edixerunt,
1299 1355 1349 1402 δε
1395 1355 1636 1418 quinqua-

353 1423 486 1487 ginta
516 1423 668 1486 capris
698 1422 744 1468 in
769 1420 878 1470 foro
910 1420 1330 1470 sacrificaverunt:
1358 1421 1409 1468 ὃ(
1433 1420 1635 1468 aliorum

350 1489 685 1566 prodigiorum
724 1505 865 1536 eausa
920 1489 1048 1538 diem
1099 1489 1305 1539 alterum
1351 1488 1634 1561 supplicatio

350 1558 476 1605 circa
509 1558 674 1606 omnia
711 1557 977 1622 pulvinaria
1025 1557 1148 1618 fuit,
1192 1558 1244 1606 ἃ
1281 1555 1441 1605 hostiis
1473 1573 1636 1618 majo-

348 1625 476 1673 ribus
506 1623 820 1673 sacrificatum
854 1624 947 1685 est,
978 1626 1029 1674 &
1061 1641 1079 1692 5
1116 1625 1225 1674 urbs
1256 1625 1462 1674 lustrata.
1481 1623 1634 1684 Inde,

351 1693 488 1760 quod
535 1693 596 1742 ad
630 1693 871 1742 honorem
913 1693 1058 1742 deum
1096 1695 1441 1743 immortalium
1484 1693 1634 1759 perti-

353 1776 526 1821 neret,
562 1761 781 1811 decrevit
816 1761 1412 1828 senattiS‚Ut‚ou071.z7n
1438 1760 1636 1828 perduel-

355 1831 421 1878 les
441 1829 678 1894 superati,
717 1829 902 1893 Perseus
925 1831 969 1879 6³
1006 1832 1203 1880 Gentius
1236 1850 1352 1899 yeges
1386 1849 1485 1878 cum
1519 1831 1633 1881 Ma-

354 1916 400 1945 ce
384 1900 515 1945 ⁶2'd07
499 1917 546 1945 m
576 1913 709 1963 atque
731 1899 960 1964 Illyrico
943 1918 990 1946 m
1019 1901 1236 1965 potestate
1248 1899 1416 1965 populi
1435 1897 1634 1946 Romani

354 1963 526 2028 ffnt,
555 1981 638 2024 ut,
675 1984 793 2030 qum.
800 1982 848 2013 ta
877 1968 998 2014 dona
1022 1969 1121 2031 Ap.
1159 1967 1384 2025 Claudio,
1411 1969 1486 2014 M
1511 1968 1633 2014 Sem-

344 2052 401 2101 pf
388 2035 514 2082 onio
544 2032 831 2098 consulibus,
862 2035 914 2081 ob
946 2037 1167 2084 deviflum
1197 2036 1480 2083 Antiochum
1499 2051 1644 2100 regem·

406 2165 615 2215 4Calac1'ae
630 2166 669 2205 in
683 2166 843 2220 publico
861 2181 956 2222 agro
1021 2168 1084 2209 M.
1119 2167 1311 2210 Valerius
1351 2168 1399 2207 de
1448 2179 1527 2219 quo
1562 2163 1626 2205 hic

284 2246 287 2249 ·
344 2226 412 2267 M.
434 2227 619 2269 Valerius
638 2229 734 2268 civis
754 2229 956 2269 Romanus
1020 2229 1151 2284 agitur
1175 2257 1185 2275 ,
1206 2244 1308 2269 unus
1336 2229 1527 2269 videlicet
1543 2235 1639 2267 erat¹

343 2290 553 2342 nunciabaf
571 2288 697 2343 efoco
711 2287 814 2343 fito]
839 2289 953 2331 Cala·
1021 2305 1071 2331 ex
1104 2291 1148 2331 iis
1181 2292 1248 2344 qui
1277 2291 1449 2344 aliquam
1474 2298 1642 2343 partem·

342 2352 400 2392 tia
437 2363 523 2392 erat
559 2353 652 2392 urbs
686 2351 950 2405 Campaniae,
1017 2352 1136 2406 hujus
1164 2353 1314 2406 publici
1350 2352 1435 2408 agri
1473 2350 1639 2395 condur-

341 2412 457 2466 cujus
477 2428 573 2469 ager
591 2441 601 2460 ,
619 2415 952 2467 quemadmodum
1017 2426 1180 2455 xerant.

340 2476 382 2515 ὅ(
409 2474 558 2528 Capuae
580 2507 590 2525 ‚
621 2476 804 2528 publicus
826 2475 950 2517 fastus
1083 2488 1098 2527 ς
1126 2474 1229 2516 Urbs
1242 2475 1432 2527 lustrata]
1451 2473 1638 2514 Ambur-e

338 2537 471 2577 fuerat
506 2539 643 2591 populi
684 2537 871 2577 Romani.
910 2539 948 2578 ls
1014 2537 1108 2576 biali
1142 2538 1294 2585 Sacro,
1325 2538 1374 2577 de
1405 2549 1484 2589 quo
1513 2528 1623 2586 supra

333 2598 455 2652 igitur
481 2613 576 2652 ager
609 2598 801 2639 fruendus
834 2601 946 2639 loca·
1011 2600 1158 2639 LXXI
1177 2627 1188 2648 ,
1214 2613 1250 2642 c.
1269 2601 1348 2648 62,
1372 2597 1410 2639 δὲ
1433 2595 1617 2641 1.XL11‚

332 2660 448 2701 batur
471 2661 625 2704 colonis
647 2675 668 2701 a
693 2660 942 2704 censoribus.
1012 2675 1048 2702 c.
1084 2675 1157 2706 20.
1509 2717 1542 2762 d

1541 2727 1616 2761 ata
