1670 3068
1 78 29 147 ,tl

0 170 44 249 ᾗ·
95 182 365 231 commodo
389 201 442 232 ac
467 182 647 233 difficili
675 184 824 251 bello.
861 184 969 232 Hac
1003 184 1241 251 utriusque
1272 206 1382 252 par·
1398 203 1584 255 Qffissj,

39 247 42 251 ’
96 250 156 298 tis
187 250 444 301 voluntate
488 252 738 318 explorata
764 290 778 314 ,
816 252 949 318 quod
990 250 1092 301 fieri
1131 258 1277 301 etiam
1304 254 1584 304 suamcaoss.

12 243 22 259 'x

0 266 19 305 1³,
29 282 51 301 w

3 310 14 321 ι

50 18 61 49 ’ὁ
77 0 83 2 .

6 0 42 104 ἐξ
54 54 61 72 ’”

26 107 39 131 J

366 103 726 159 LIBER
822 101 1123 161 XLIV.
1270 122 1382 186 395

95 315 267 382 sponte
297 320 443 369 taedio
479 321 723 370 validioris
745 358 760 382 ‚
801 337 936 369 metu
973 319 1246 370 infirmioris
1274 339 1381 371 cre-

19 383 37 419 ?
95 384 242 438 debat
263 386 397 450 poffe
417 425 430 448 ‚
459 390 507 436 in
526 405 587 436 eo
605 388 736 437 suam
760 406 961 454 operam
982 389 1235 437 venditare
1257 407 1380 438 con-

94 452 296 501 cilianda
333 456 484 522 gratia
534 459 685 523 magis
733 459 899 522 cupiit.
950 456 1078 505 Nam
1114 457 1268 505 modo
1313 475 1375 507 ne

91 517 282 586 juvaret
317 524 449 575 bello
488 522 743 572 Romanos
768 526 893 574 terra
932 527 1180 591 marique,
1220 526 1377 574 modo

94 590 224 654 pacis
253 592 497 655 patrandae
516 610 624 640 cum
645 591 881 641 Romanis
903 593 1223 658 paciscebatur
1246 610 1379 641 mer-

7 634 17 664 ζ’
90 656 261 706 cedem
286 676 296 706 ε
327 677 389 709 ne
413 660 544 710 bello
567 660 809 709 interesset
830 668 849 718 [
875 661 904 710 6
933 663 1064 710 mille
1086 680 1100 720 3
1131 675 1182 709 ut
1206 679 1377 727 pacem

94 726 454 795 conciliaret‚]
489 727 620 778 mille
660 728 713 777 &
751 731 1013 795 quingenta
1051 730 1232 778 talenta
1263 745 1278 789 3
1324 731 1377 778 in

92 807 348 861 utrumque
367 814 466 845 non
484 795 636 847 fidem
656 797 806 845 modo
825 796 872 845 se
893 833 907 855 ‚
940 795 1022 845 sed
1043 796 1232 846 obsides
1253 815 1379 864 quo-

96 878 191 927 que
226 863 341 914 dare
369 880 590 931 paratum
621 863 713 914 effe
742 864 1045 913 ostendebat.
1083 864 1279 915 Perseus
1312 866 1376 915 ad

60 972 66 977 .
92 946 195 978 rem
220 932 540 982 inchoandam
565 932 946 1000 promptiffimus
982 947 1082 982 erat
1108 970 1122 993 ‚
1163 950 1376 1001 cogente

93 1013 226 1048 metu
251 1037 265 1060 ‚
306 1001 359 1050 &
404 1002 465 1051 de
494 1002 740 1051 obsidibus
783 1001 1075 1068 accipiendis
1124 1001 1220 1051 fine
1260 1003 1380 1050 dila-

93 1068 229 1117 tione
244 1070 418 1136 agebat
435 1110 449 1132 ‚
470 1085 863 1136 conveneratque
888 1085 940 1118 ut
962 1073 1150 1136 accepti
1173 1068 1376 1120 Cretam

92 1137 412 1187 mitterentur.
453 1139 554 1187 Ubi
583 1139 642 1187 ad
676 1141 891 1205 pecuniae
918 1141 1221 1187 mentionem
1241 1157 1374 1189 ven-

93 1218 196 1251 tum
222 1222 321 1254 erat
340 1244 355 1267 ‚
385 1208 449 1254 ibi
471 1206 713 1255 haesitabat
739 1224 749 1254 ε
783 1222 814 1269 7
844 1208 1084 1272 &utique
1106 1208 1305 1257 alteram
1324 1209 1375 1255 in

93 1274 211 1320 tanti
236 1276 445 1324 nominis
481 1277 672 1342 regibus
694 1290 887 1340 turpem
920 1293 975 1323 ac
1006 1275 1243 1324 sordidam
1265 1313 1279 1335 ‚
1318 1276 1373 1323 Sc,

93 1341 224 1388 danti
258 1379 276 1401 ‚
323 1343 373 1391 &
411 1346 563 1411 magis
605 1345 900 1409 accipienti,
939 1344 1219 1393 mercedem
1255 1342 1371 1392 effe,

35 1474 39 1479 ⁵
95 1407 314 1459 Malebat
349 1413 398 1459 in
427 1411 559 1477 spem
593 1411 831 1460 Romanae
860 1414 986 1477 pacis
1014 1430 1115 1460 non
1153 1411 1374 1461 recusare

92 1478 357 1543 impensam
374 1504 392 1539 3
413 1480 493 1528 sed
523 1497 628 1529 eam
658 1483 913 1544 pecuniam
936 1479 1145 1545 perfecta
1168 1496 1217 1548 re
1238 1480 1371 1529 datu·

16 1561 20 1566 ·
93 1563 234 1605 rum3
269 1549 453 1596 interea
482 1547 805 1597 Samothracae
837 1550 884 1596 in
909 1550 1096 1615 templo
1132 1548 1376 1614 depositu-

96 1631 218 1663 rum.
232 1613 299 1663 Ea
314 1616 460 1664 insula
479 1634 624 1682 quum
649 1615 790 1682 ipsius
811 1616 1004 1666 ditionis
1023 1615 1138 1666 esset
1157 1655 1170 1676 ‚
1200 1618 1374 1667 videre

95 1679 334 1732 Eumenes
377 1685 494 1732 nihil
532 1683 785 1745 interesse,
821 1684 849 1734 8
889 1703 949 1734 an
987 1683 1130 1734 Pellae
1165 1688 1375 1750 pecunia

99 1749 243 1799 esset:
271 1752 320 1800 id
348 1770 488 1820 agere
514 1790 530 1811 ,
563 1768 612 1801 ut
641 1767 829 1819 partem
854 1754 1063 1819 aliquam
1087 1753 1374 1819 praesentem

94 1816 258 1867 ferret.
301 1819 373 1869 Ita
413 1822 736 1888 nequicquam
767 1823 890 1871 inter
922 1822 969 1871 se
1009 1824 1220 1888 captati,
1258 1822 1378 1870 nihil
1415 1879 1417 1881 ¹

95 1901 268 1953 praeter
303 1889 551 1937 infamiam
587 1906 811 1939 movere.

162 1954 356 2006 XXVI.
388 1955 492 2006 Nec
527 1959 629 2006 haec
658 1959 845 2006 tantum
881 1956 1057 2007 Perseo
1093 1975 1181 2025 per
1215 1960 1375 2007 avari-
1446 1964 1587 2019 Persei

95 2022 212 2071 tiam
250 2023 317 2073 est
343 2024 523 2073 dimissa
545 2044 621 2075 res
641 2063 654 2085 ‚
683 2044 831 2092 quum
869 2028 1074 2092 pecunia
1106 2029 1288 2076 tantula
1320 2029 1579 2077 &avaricia

97 2108 268 2158 pacem
304 2093 480 2143 habere
507 2111 593 2160 per
628 2092 900 2144 Eumenem
925 2132 940 2156 ,
984 2112 1088 2161 quae
1121 2095 1202 2146 vel
1239 2111 1378 2163 parte

161 2216 187 2257 6
226 2217 349 2259 Mille
385 2218 592 2272 Talenta]
623 2219 710 2260 sunt
774 2234 822 2260 ex
839 2221 989 2261 duabus
1010 2220 1085 2261 illis
1104 2222 1247 2270 rebus,
1265 2223 1383 2263 unius

99 2292 243 2319 marcae
301 2281 457 2335 argenti
512 2283 713 2321 nostrates
772 2283 932 2336 quidem
968 2283 1080 2323 certe
1102 2311 1114 2330 ‚
1152 2298 1297 2336 nempe
1329 2299 1383 2324 ne

101 2352 272 2392 93750.
305 2342 429 2382 Mille
463 2342 498 2381 G·
526 2348 710 2398 quingen·
774 2345 883 2384 bello
914 2344 1117 2385 intereffet
1150 2345 1384 2396 Eumenes,

103 2414 143 2441 ta
162 2431 172 2449 ,
205 2417 346 2444 marcae
373 2404 564 2453 140625.
589 2405 634 2444 In
668 2406 714 2445 iis
778 2407 1006 2446 mercedem
1025 2417 1186 2461 turpem
1202 2422 1247 2448 ac
1265 2407 1387 2448 sord}-

104 2477 266 2518 quoque
312 2480 399 2517 quae
450 2466 666 2519 sequuntur
701 2494 714 2514 ,
780 2469 866 2506 darn
899 2468 1028 2519 effe„

107 2526 197 2580 lege
239 2539 248 2565 :
296 2525 343 2565 In
397 2539 593 2581 utrumque
641 2542 716 2581 pro
845 2530 867 2568 8
903 2533 969 2569 An
1009 2529 1178 2584 Pellae]
1234 2530 1389 2571 Nonne

111 2588 218 2641 vulg.
257 2592 297 2627 in
325 2602 502 2642 utroque.
781 2591 921 2630 melius
948 2591 1133 2632 videatur
1178 2591 1193 2632 ἓ
1234 2592 1290 2632 ibi
1338 2607 1392 2633 aaa

123 2693 130 2702 .
169 2663 195 2700 Ἰ
221 2648 272 2688 Et
300 2650 432 2704 utique
451 2650 645 2704 alteram]
670 2651 720 2692 Et
784 2652 925 2692 Pellae.

982 2709 1030 2759 R
1063 2710 1119 2777 vs}
