1670 3068
149 174 337 225 U.c.581.

150 230 334 282 a.C.171.

197 423 341 466 Lucre·

147 489 225 526 tius
256 487 328 528 Pr.

148 547 191 586 in
214 548 330 589 Βαο-

148 608 224 652 tia.

351 575 437 641 NI.
471 577 692 629 Lucretio
721 581 867 632 fratre
903 601 1012 632 cum
1043 586 1178 635 claffe
1205 588 1235 636 6
1258 587 1395 654 super
1426 589 1585 638 Malea

361 87 474 162 306
643 91 1368 156 T1T1L1v11‘

361 168 412 215 &
452 182 473 234 5
509 167 845 224 Thessalorum
897 180 1056 226 omnis
1109 181 1348 244 equitatus
1396 179 1616 248 separatu.-

357 250 459 284 erat
483 253 498 296 3
523 257 623 287 non
656 242 761 306 plus
798 244 943 310 quam
976 250 1178 295 trecenti
1203 263 1339 296 erant
1378 254 1562 315 equites
1586 256 1617 302 ir

358 301 513 353 castris
545 306 795 359 Romanis.
816 310 1261 376 Achaeijuventutis
1280 315 1369 364 suae
1390 355 1404 377 ‚
1436 317 1627 371 Cretico

359 375 569 423 maxime
599 394 779 426 armatu
801 415 815 437 ,
844 380 904 427 ad
941 382 1072 430 mille
1113 384 1366 433 dederunt.

431 439 561 490 LVI.
611 444 706 493 Sub
761 447 892 495 idem
944 463 1134 515 tempus
1186 452 1236 499 &
1292 450 1351 500 C.
1400 451 1623 504 Lucretiu:

366 524 574 573 praetor‚
607 514 687 575 qui
714 516 919 565 navibus
936 534 1136 582 praeerat
1156 519 1215 568 ad
1239 517 1608 586 Cephalleniam

361 642 644 695 Chalcidem
687 646 808 714 jusso
859 654 1195 721 petere‚'ipse
1238 657 1482 705 triremem
1522 676 1629 707 cona

359 711 571 774 stendit,
607 716 758 765 smum
791 717 1101 770 Corinthium
1136 738 1338 788 petens,
1374 725 1434 773 ad
1457 743 1628 790 praeeo,

362 783 602 846 cupandas
633 787 681 833 in
708 785 897 837 Boeotia
935 807 1009 838 res
1049 807 1060 837 ε
1093 792 1274 840 tardior
1320 794 1363 842 ei
1395 795 1609 860 navigati*

361 864 564 915 propter
590 851 919 904 infirmitatem
957 861 1176 923 corporis
1206 859 1307 908 fuit.
1347 860 1419 910 M.
1461 861 1630 912 Lucre-

361 918 455 964 tius
477 916 762 970 Chalcidem
801 925 1063 974 adveniens
1086 965 1099 986 ‚
1122 945 1268 993 quum
1299 946 1325 976 a
1351 927 1400 977 Ρ.
1431 928 1606 979 Lentul

362 983 632 1035 Haliartum
675 995 947 1058 oppugnari
976 992 1204 1055 audisset,
1238 998 1488 1058 nuntium,
1524 1016 1641 1063 prae«e

360 1055 481 1101 toris
515 1057 705 1118 verbis,
736 1062 814 1124 qui
846 1060 1102 1111 abscedere
1135 1080 1246 1113 eum
1279 1065 1392 1114 inde
1424 1063 1647 1129 juberet„

362 1120 505 1170 misit.
548 1122 836 1176 Boeotorum
887 1127 1173 1192 juventute,
1221 1150 1326 1199 quae
1380 1151 1487 1198 pars
1530 1151 1587 1184 cu

363 1187 599 1241 Romanis
629 1191 810 1255 stabat,
839 1213 944 1245 eam
974 1215 1074 1247 rem
1108 1199 1349 1267 aggressus
1382 1203 1644 1268 legatUS,a

363 1260 607 1309 moenibus
635 1262 862 1313 absceffit.
895 1265 1016 1314 Haec
1055 1266 1207 1316 soluta
1251 1267 1439 1318 obsidio
1480 1271 1639 1320 locui-n

364 1326 500 1375 alteri
521 1345 664 1378 novae
693 1331 930 1381 obsidioni
966 1335 1098 1384 dedit
1124 1352 1365 1403 mamque
1391 1341 1638 1405 extemplo

363 1393 440 1443 M.
473 1394 720 1447 Lucretius
745 1418 852 1448 cum
875 1406 1090 1451 exercitu
1111 1405 1267 1453 navali
1293 1444 1307 1465 ‚
1338 1405 1507 1470 decem
1538 1408 1638 1462 mil·

360 1461 485 1511 libus
513 1482 836 1527 armatorum,
877 1470 938 1517 ad
970 1470 1065 1518 hoc
1100 1471 1288 1520 duobus
1322 1471 1528 1523 millibus
1566 1493 1641 1525 re-

362 1532 586 1597 giorum,
628 1537 707 1601 qui
747 1535 831 1585 sub
867 1536 1111 1587 Athenaeo
1157 1555 1291 1589 erant
1316 1577 1331 1602 ‚
1370 1541 1654 1595 Haliartum»

362 1600 668 1653 circumsedit
705 1622 717 1653 ε
760 1605 1128 1674 parantibusque
1176 1606 1272 1672 jam
1318 1628 1648 1677 oppugnare„

361 1666 638 1734 supervenit
665 1690 691 1720 a
722 1669 900 1723 Creusa
921 1691 1110 1738 praetor.
1135 1676 1216 1724 Ad
1240 1678 1369 1726 idem
1386 1679 1486 1728 fere
1508 1683 1650 1729 tem-'‘-

363 1754 453 1802 pus
477 1737 526 1786 ὃ(
551 1739 609 1787 ab
630 1739 766 1789 sociis
789 1759 937 1791 naves
960 1742 1242 1795 Chalcidem
1278 1764 1636 1798 convenerunt:

363 1805 470 1852 duae
504 1805 693 1856 Punicae
730 1812 1131 1875 quinqueremes,
1171 1815 1277 1862 duae
1312 1815 1370 1863 ab
1405 1815 1653 1870 Heracleae

364 1889 424 1921 ex
455 1872 615 1924 Ponto
658 1878 877 1926 triremes
898 1917 912 1939 ,
954 1897 1158 1944 quatuor
1187 1880 1501 1932 Chalcedone
1523 1921 1538 1943 ‚
1567 1901 1639 1934 to·

362 1941 516 1990 tidem
546 1942 692 1993 Samo
714 1982 727 2007 ,
762 1960 864 1994 tum
898 1950 1107 2014 quinque
1140 1948 1347 1998 Rhodiae
1398 1952 1638 2016 quadrire-
1668 1953 1670 1999 i

362 2025 486 2060 meS.
526 2009 742 2071 Praetor,
780 2016 890 2080 quia
928 2015 1160 2080 nusquam
1203 2034 1304 2067 erat
1347 2021 1637 2070 maritimum

361 2078 544 2128 bellum
568 2118 582 2140 ,
616 2080 793 2131 remisit
822 2082 976 2132 sociis;
1004 2082 1063 2132 Et
1089 2084 1159 2151 Q
1193 2086 1406 2135 Marcius
1437 2086 1636 2137 Chalci-

364 2146 478 2194 dem
511 2148 712 2198 navibus
743 2153 905 2210 venit,
941 2152 1110 2218 Alope
1138 2155 1276 2220 capta
1295 2192 1308 2214 ,
1330 2154 1505 2204 Larissa
1533 2173 1637 2223 quae

364 2212 615 2265 Cremaste
636 2218 803 2267 dicitur
823 2257 836 2279 ‚
860 2221 1158 2288 oppugnata.
1191 2221 1364 2288 Quum
1390 2224 1466 2274 hic
1497 2223 1639 2274 ssatus

425 2340 445 2380 5
458 2327 718 2382 Theffizlorum
731 2330 853 2370 omnis
866 2332 968 2386 equi·
1032 2344 1076 2374 ut
1094 2334 1221 2375 varias
1237 2335 1323 2389 ejus
1340 2346 1474 2390 partes
1495 2337 1636 2378 adver-

297 2390 306 2399 ’
361 2402 466 2429 tatus
492 2388 698 2445 separatus
727 2394 843 2446 erat]
876 2394 967 2433 Huc
1031 2395 1096 2436 sus
1116 2392 1352 2449 praesentem
1371 2399 1523 2439 hostem
1545 2410 1634 2440 tue·

361 2451 454 2491 illuc
480 2451 630 2505 sparsus
651 2467 660 2492 :
681 2455 766 2507 quia
790 2469 932 2506 nempe
953 2485 962 2502 ,
1030 2468 1185 2498 rentur.
1617 2487 1621 2490 -

360 2526 481 2567 quum
512 2514 550 2553 in
581 2513 777 2555 Thessalia
817 2517 964 2557 bellum
1092 2519 1116 2558 6
1141 2519 1268 2574 Super
1281 2520 1489 2574 Maleam]
1509 2522 1632 2582 Supe-⁴

359 2586 597 2630 gereretur,
631 2591 701 2630 per
725 2592 881 2617 omnem
905 2594 964 2619 re·
1031 2581 1156 2621 tando
1193 2581 1367 2623 Maleam
1397 2596 1631 2637 promonto-

359 2637 519 2690 gionem
552 2639 827 2680 distribuerant
854 2641 962 2689 sese,
1029 2643 1142 2683 rium.
1602 2661 1607 2664 ’
