1670 3068
370 76 721 133 LIBER
820 77 1111 134 XLI'V.
1241 97 1360 157 429

83 153 129 204 fe
159 155 424 204 abnuerent
453 195 466 216 ,
510 153 663 221 majus
709 155 887 223 aliquid
926 173 1042 206 mox
1080 157 1316 209 auderent
1351 176 1564 221 ,umen

81 225 246 289 quarta
264 224 424 290 vigilia
448 224 678 292 profugit.
701 223 898 291 Sequuti
925 241 1036 273 eum
1065 225 1167 273 sunt
1189 228 1567 277 admo-aeae&

85 293 196 339 dum
233 293 483 357 quingenti
521 290 814 352 Cretense53
849 295 1048 359 petebat
1081 294 1365 359 Amphipo-

77 358 160 407 lim
187 375 197 406 :
224 358 303 408 sed
328 359 470 408 noste
492 377 519 407 a
549 358 677 408 Pella
707 362 889 409 exierat
907 398 922 419 ‚
953 377 1216 427 properans
1253 378 1362 412 ante

80 425 240 475 lucem
277 427 457 475 Axium
494 444 690 477 amnem
740 426 960 492 trajicere
1002 466 1016 489 ‚
1064 446 1174 478 eum
1214 427 1363 477 finem

80 493 347 559 sequendi,
382 510 585 560 propter
621 493 934 545 difficutatem
969 495 1218 558 transitus,
1251 497 1362 546 fore

22 606 35 610 ,,
79 578 204 610 ratus
235 560 486 612 Romanis·

145 628 334 678 XLIV.
371 629 670 690 Consulem,
710 647 859 696 quum
885 629 929 679 se
963 632 1009 679 in
1036 630 1181 680 castra
1204 632 1356 683 viftot
1408 642 1565 682 Anxie-

75 696 360 762 recepisset,
393 715 452 747 ne
484 696 667 746 sincero
705 698 881 765 gaudio
918 698 1152 747 frueretur
1185 737 1199 760 ‚
1247 713 1429 750 curatas
1475 701 1564 756 Cos.

77 764 139 812 de
172 768 361 815 minore
390 765 492 814 filio
524 765 815 814 stimulabat.
863 765 918 813 P.
949 765 1111 830 Scipio
1147 769 1184 814 is
1218 765 1415 830 erat‚d‘³
1434 763 1543 833 fill?

75 832 333 881 Africanus
368 834 417 882 ὃ(
450 833 546 899 ipse
579 832 743 899 postea
774 871 789 892 ‚
828 833 988 882 deleta
1022 832 1317 902 Carthagine
1339 823 1435 897 ,s¹¹‚⁰
1473 825 1565 865 ‘5⁶²'

75 902 341 964 appellatus
366 940 378 959 ‚
417 904 636 949 naturalis
658 899 863 950 consulis
881 900 1060 963 Paulli,
1089 901 1503 969 adoptionef'm‘·

76 967 294 1017 Africani
329 986 499 1035 nepos.
526 968 570 1017 Is
595 968 1099 1035 leptimumdecimum
1134 986 1244 1020 tunc
1273 991 1360 1021 an-

78 1054 191 1084 num
227 1054 370 1104 agens
392 1074 406 1097 ‚
434 1037 565 1103 quod
599 1037 753 1102 ipsum
786 1056 943 1085 curam
971 1039 1173 1104 augebat
1195 1077 1209 1100 ‚
1243 1041 1360 1089 dum

77 1102 225 1152 effuse
264 1107 468 1171 sequitur
498 1104 655 1153 hostes
690 1142 704 1165 ‚
743 1107 791 1153 in
831 1121 1018 1170 partem
1046 1107 1185 1154 aliam
1220 1110 1360 1158 turba

75 1172 258 1220 ablatus
282 1189 414 1222 erat:
444 1173 494 1221 ὃ(
526 1173 670 1221 serius
703 1190 850 1238 quum
886 1172 1105 1232 redisset,
1135 1188 1247 1223 tunc
1273 1177 1360 1226 de-

76 1257 209 1288 mum
235 1256 435 1306 recepto
457 1239 628 1306 sospite
661 1239 760 1289 filio
779 1280 792 1300 ,
829 1239 1041 1290 victoriae
1065 1257 1208 1291 tantae
1240 1261 1358 1310 gau-

35 1361 38 1363 *
76 1307 206 1356 dium
244 1308 406 1357 consul
454 1307 609 1357 sensit.
665 1310 1001 1374 Amphipolim
1055 1328 1203 1375 quum
1258 1311 1357 1376 jam

35 1407 40 1410 -
73 1373 202 1424 fama
236 1393 409 1443 pugnae
445 1374 761 1442 pervenisset,
794 1375 1135 1443 concursusque
1167 1394 1357 1429 matro-

73 1459 243 1493 narum
275 1447 321 1492 in
350 1445 583 1510 templum
611 1443 638 1493 8
678 1443 878 1503 Dianae,
915 1462 1056 1510 quam
1089 1444 1357 1513 Tauropo-

74 1510 160 1559 lon
203 1526 381 1560 vocant
411 1550 424 1571 ,
472 1514 531 1560 ad
583 1529 731 1577 opem
775 1512 1133 1576 exposcendam
1182 1513 1357 1578 fieret3

0 1584 1 1613 ἓ
74 1577 328 1629 Diodorus
363 1618 378 1639 ‚
421 1582 500 1646 qui
551 1597 751 1644 praeerat
796 1581 938 1640 urbi,
974 1598 1195 1629 metuens
1230 1621 1244 1643 ,
1290 1601 1354 1634 ne

72 1644 286 1696 Thraces
309 1685 321 1707 ‚
352 1664 555 1713 quorum
582 1648 678 1696 duo
711 1649 855 1696 millia
877 1650 922 1696 in
948 1648 1162 1714 praefidio
1182 1666 1350 1712 erant,

70 1715 240 1763 urbem
279 1718 324 1762 in
360 1716 564 1764 tumultu
595 1717 893 1782 diriperent,
929 1718 988 1764 ab
1011 1716 1263 1767 subornato
1285 1721 1345 1769 ab

69 1781 116 1831 se
147 1799 233 1849 per
262 1782 497 1832 fallaciam
541 1785 586 1831 in
621 1784 854 1833 tabellarii
889 1784 1096 1850 speciem
1118 1823 1132 1846 ‚
1165 1786 1347 1836 litteras

71 1852 121 1899 in
151 1850 265 1899 foro
308 1852 474 1900 medio
509 1852 714 1917 accepit.
760 1852 997 1918 Scriptum
1034 1855 1081 1901 in
1119 1855 1172 1902 iis
1198 1870 1299 1904 erat
1331 1894 1349 1917 ,

75 1919 162 1970 Ad
191 1921 456 1967 Emathiam
484 1917 660 1984 claffm
689 1923 943 1968 Romanam
970 1920 1207 1987 appulsam
1237 1923 1346 1988 effe.-

71 1985 281 2053 agrosque
306 1989 423 2034 circa
454 1989 614 2035 vexari
639 2007 659 2047 ,·
695 2006 813 2035 orare
829 1986 1061 2053 pracfeffos
1082 1991 1309 2039 Emathiae
1325 2029 1344 2050 ,

0 2064 4 2107 Ι
72 2068 122 2101 ut
158 2056 413 2119 praesidium
452 2055 669 2102 adversas
711 2056 1005 2121 populatores
1046 2059 1210 2105 mittat.
1254 2059 1345 2107 His

70 2119 204 2169 leffis
233 2159 248 2180 ‚
288 2122 501 2170 hortatur
533 2119 746 2170 Thracas
765 2161 779 2183 ,
805 2126 870 2172 Ut
895 2125 1186 2172 adtuendam
1205 2127 1348 2174 Ema-

73 2189 177 2236 tlz'iae
229 2208 352 2238 oram
388 2188 773 2256 proficiftantur5
821 2209 1029 2258 magnam
1054 2210 1143 2250 reos
1187 2196 1344 2243 caedem

66 2258 352 2323 praedamque
374 2295 392 2316 ,
426 2258 606 2323 palatis
627 2259 785 2324 paffim
806 2277 891 2325 per
915 2277 1046 2326 agros
1072 2263 1297 2311 Romanis
1323 2298 1342 2322 ,

130 2367 154 2408 8
177 2368 322 2411 Dianae
341 2399 354 2415 ,
386 2385 497 2424 quam
525 2369 673 2410 Tauro·
736 2367 842 2425 quod
875 2371 1062 2426 gregibus
1090 2371 1245 2424 praesit,
1274 2373 1342 2413 vel

64 2430 190 2484 polon
219 2444 364 2471 vocant
380 2430 392 2466 ‘i
427 2432 568 2472 Dianae
593 2432 671 2471 hoc
736 2431 843 2485 quod
867 2434 1006 2473 eadem
1027 2433 1071 2474 fit
1091 2448 1177 2473 cum
1198 2434 1308 2474 Luna
1325 2465 1341 2485 ,

67 2503 293 2545 cognomen
306 2493 672 2540 additumvolunt,
736 2508 852 2547 quam
892 2495 1016 2537 tauris
1058 2494 1153 2537 vehi
1186 2493 1342 2551 fingunt

68 2554 134 2592 vel
151 2552 256 2606 quod
273 2555 375 2607 apud
395 2555 554 2595 Tauros
574 2554 673 2610 Scy·
735 2555 887 2609 po'e‘tae»

74 2613 166 2654 thiae
186 2617 375 2670 populum
402 2618 585 2665 colatur,
604 2616 673 2657 vel
