1670 3068
344 99 703 155 LIBER
798 99 1096 156 XLIV.
1234 120 1341 178 371

70 175 246 247 gress'us
280 214 295 238 ‚
340 177 457 227 sicut
499 196 599 227 non
645 195 871 245 magnam
896 214 910 237 ‚
958 180 1020 227 ita
1064 198 1343 232 exornatam
1365 193 1551 244 [Le-583·

69 249 102 296 6
141 246 342 312 publicis
378 246 499 296 locis
540 246 589 295 &
628 262 660 310 7
696 242 998 294 multitudine
1041 247 1298 298 statuarum
1330 249 1550 313 ,a.C.169.

46 316 401 381 .munitamque
430 315 654 380 egregie,
683 316 764 363 vix
787 312 893 362 satis
924 314 1124 364 credere
1159 319 1205 364 in
1237 332 1347 365 tan-

69 384 128 430 tis
166 383 307 430 rebus
339 381 435 430 fine
471 381 606 430 causa
644 381 812 430 reliclis
856 400 955 431 non
989 383 1199 448 aliquem
1232 384 1347 434 sub-

70 447 162 499 esse
196 449 382 499 dolum.
420 448 587 498 Unum
623 450 752 499 diem
790 449 852 497 ad
888 451 1186 515 exploranda
1223 452 1349 502 circa

69 519 232 567 omnia
255 531 465 567 moratus
483 554 497 577 ,
526 516 672 566 castra
695 533 894 566 movet:
926 518 1120 584 satisque
1145 520 1347 568 credens

67 599 281 652 paratam
304 585 533 634 frumenti
567 587 760 650 copiam
788 584 894 634 fore
916 623 929 643 ‚
963 603 1025 634 eo
1062 587 1138 636 die
1163 588 1223 636 ad
1245 607 1351 637 arn-

68 669 182 702 nem
212 655 412 703 nomine
439 653 607 720 Mityn
627 651 871 718 proceffit.
900 653 1099 712 Postero
1133 656 1209 704 die
1231 673 1350 721 pro-

69 718 246 788 gressus
263 759 278 782 ,
300 719 523 787 Agassam
545 722 742 780 urbem,
771 721 1068 770 tradentibus
1089 722 1184 773 sese
1208 723 1315 790 ipsis
1333 762 1350 784 ,

71 791 287 856 recepit:
322 790 373 837 &
403 805 454 838 ut
474 788 769 855 reliquorum
802 788 1133 839 Macedonum
1158 795 1350 841 animos

68 855 153 906 fibi
185 858 490 919 conciliaret,
514 856 758 906 obsidibus
779 871 1038 906 contentus
1061 895 1076 918 ,
1108 857 1206 907 fine
1227 879 1354 925 prae-

68 923 187 975 sidio
208 926 478 992 relinquere
510 924 554 974 se
592 926 659 975 eis
693 925 865 974 urbem
887 962 900 984 ‚
930 927 1262 992 immunesque
1293 946 1350 977 ac

66 991 156 1042 suis
182 994 367 1060 legibus
398 993 642 1054 vffiuros,
678 991 744 1042 est
776 993 1038 1059 pollicitus.
1071 993 1348 1062 Progressus

39 1061 180 1110 -inde
226 1062 320 1111 diei
374 1064 464 1111 iter
496 1099 512 1122 ‚
557 1060 618 1109 ad
657 1060 925 1110 Ascordum
963 1063 1142 1112 flumen
1189 1063 1349 1128 posuit

69 1127 260 1188 castra:
313 1130 365 1178 &
407 1129 435 1178 8
477 1130 709 1195 quantum
756 1128 1047 1195 procederet
1089 1132 1280 1198 longius
1320 1149 1348 1180 a

68 1194 308 1246 Theffalia
335 1233 350 1257 ‚
402 1213 464 1246 eo
504 1196 742 1260 majorem
777 1214 934 1246 retum
979 1201 1195 1247 omnium
1236 1201 1346 1247 ino-

69 1267 198 1330 piam
231 1265 471 1325 sentiens‚
506 1264 735 1331 regressus
758 1265 818 1313 ad
838 1263 991 1314 Dium
1022 1266 1086 1316 est
1113 1285 1122 1315 :
1159 1267 1345 1316 dubita·
1408 1274 1556 1332 Inopia

69 1336 202 1382 tione
253 1334 478 1382 omnibus
518 1333 749 1399 exempta
778 1371 792 1393 ,
830 1333 943 1400 quid
988 1335 1242 1385 intercluso
1284 1336 1536 1385 ablaborat-

69 1399 308 1451 Thessalia
344 1401 625 1467 patiendum
670 1400 823 1451 fuisset
847 1439 861 1461 ,
907 1404 983 1450 cui
1019 1405 1190 1470 procul
1234 1404 1345 1453 inde

70 1469 328 1519 abscedere
357 1484 512 1517 tutum
535 1487 633 1519 non
668 1467 796 1518 effet.
832 1468 1027 1519 Perseus
1049 1509 1063 1532 ‚
1097 1470 1349 1521 contractis

73 1539 122 1585 in
152 1555 299 1586 unum
337 1538 562 1585 omnibus
599 1538 751 1602 copiis
787 1537 1080 1605 ducibusque
1121 1577 1135 1599 ,
1189 1542 1353 1589 incre-

72 1622 188 1671 pare
221 1604 470 1670 praefecios
502 1604 830 1671 praesidiorum
851 1643 866 1666 ‚
907 1620 1018 1655 ante
1054 1625 1223 1657 omnes
1256 1608 1354 1656 As·—

74 1673 406 1738 clepiodotum
443 1688 585 1739 atque
629 1673 903 1739 Hippiam:
953 1674 1012 1722 ab
1068 1676 1140 1723 his
1192 1677 1353 1725 dicere

73 1739 269 1790 claustra
293 1740 603 1790 Macedoniae
627 1742 798 1790 tradita
824 1740 1062 1791 Romanis
1095 1742 1188 1792 effe
1210 1761 1221 1792 z
1261 1761 1354 1792 cu-

73 1806 148 1874 jus
177 1809 330 1875 culpae
359 1825 466 1858 reus
498 1825 646 1857 nemo
677 1808 872 1874 justum,
907 1809 1048 1876 quam
1071 1810 1168 1877 ipse
1192 1850 1207 1871 ‚
1239 1811 1358 1860 fuis-

75 1876 158 1926 set.
192 1875 389 1926 consuli
421 1875 670 1943 postquam
707 1895 766 1926 ex
793 1878 891 1927 alto
921 1877 1176 1945 conspecta
1205 1878 1357 1928 claffis

16 2001 23 2006 ,
73 1944 207 2012 spem
231 1944 348 1994 fecit
369 1963 478 1993 cum
512 1961 788 1995 commeatu
814 1964 963 1995 naves
994 1949 1163 1996 venire
1185 1984 1198 2006 ,
1239 1945 1359 2013 (in-

78 2029 195 2079 gens
214 2015 342 2062 enirn
364 2014 529 2061 caritas
548 2031 749 2062 annonae
768 2031 822 2062 ac
847 2032 1003 2081 prope
1028 2017 1194 2080 inopia
1213 2015 1357 2081 erat)

76 2079 136 2130 ab
154 2080 351 2131 inveffis
382 2080 480 2146 jam
515 2096 712 2148 portum
740 2082 903 2144 audit,
939 2087 1182 2132 onerarias
1209 2100 1360 2134 naves

143 2212 169 2253 6
186 2212 364 2253 Publicis
386 2213 515 2266 locis]
539 2213 685 2265 Qualia
751 2214 837 2255 seus
867 2214 905 2254 in
946 2212 1104 2255 classem
1153 2213 1364 2269 congeffe·

81 2274 171 2315 sunt
204 2275 292 2316 fora
313 2303 323 2323 ,
349 2275 560 2329 porticus'‚
593 2274 687 2316 basi·
749 2288 836 2325 rat,
860 2278 1022 2317 aliarum
1042 2291 1203 2330 quoque
1222 2277 1366 2316 statua·

83 2337 190 2379 licae.
750 2352 836 2377 rum
879 2352 961 2378 non
1005 2339 1251 2378 mediocrem
1286 2353 1363 2378 nu-

149 2412 169 2446 7
185 2397 684 2453 Multitudinestatuarum]
752 2413 903 2439 merum
924 2400 962 2440 in
982 2401 1079 2440 urbe
1098 2401 1180 2439 Dio
1200 2399 1329 2440 fuiffe.

84 2459 184 2501 Vid.
223 2471 310 2499 not.
346 2473 403 2510 4,
440 2460 489 2499 ad
523 2474 561 2501 c,
598 2475 689 2513 pro·
817 2461 839 2500 S
892 2460 1091 2519 Quantzlm
1132 2462 1363 2516 procederet

85 2520 190 2561 xim'e
216 2522 449 2573 praecedens
471 2535 481 2560 ε
511 2522 549 2561 ὅ(
575 2521 691 2561 intel·
755 2521 940 2577 tongins)
973 2524 1068 2564 Vox
1096 2536 1275 2577 quantum
1297 2536 1361 2562 re-

88 2582 166 2634 lige
190 2610 199 2627 ,
238 2595 385 2634 praeter
417 2584 520 2622 illam
546 2585 692 2623 amico·
757 2585 862 2638 gitur
882 2599 902 2622 a
926 2583 1207 2637 praepositione
1223 2582 1365 2640 secun-

91 2657 176 2683 rum
207 2653 373 2683 turmam
395 2672 408 2689 ‚
448 2659 562 2698 quam
596 2643 693 2686 Per-
759 2645 844 2685 daim
874 2645 1094 2686 intelieeta.

953 2704 1007 2770 Q
1041 2701 1093 2770 vi
