1670 3068
309 120 430 174 414
594 103 1295 161 T1T1L1vt1

107 190 440 240 U.c‚584.mare
472 182 721 231 brachium
753 183 997 232 transitum
1028 200 1311 233 tentaturus.
1346 181 1580 243 Perseus}

109 245 446 315 ³·C·163-quod
484 252 530 298 in
568 253 717 300 oculis
758 267 887 310 erat,
918 252 1001 318 [id
1027 255 1213 299 tantum
1241 254 1486 318 cogitans,
1519 250 1580 298 ad

158 303 645 383 Supphrepellendum
679 319 737 368 eil
786 334 920 384 parte
958 318 1143 367 hostem
1178 337 1377 367 omnem
1419 335 1580 366 curam

307 387 619 447 intendebat,
639 386 754 433 nihil
776 386 902 434 aliud
922 385 1164 434 sollicitus.
1189 387 1386 435 Interim
1409 384 1456 434 P.
1476 383 1584 432 Na-

305 452 399 501 fica
421 473 526 502 cum
552 455 774 502 attributa
793 453 877 501 fibi
907 471 1049 501 manu
1067 457 1235 502 versus
1256 471 1388 503 mare
1419 453 1580 501 Hera-

306 522 465 571 cleum
498 520 739 586 profe&us
765 558 779 580 ‚
816 520 1067 587 postquam
1090 522 1150 570 eb
1175 525 1427 587 pervenit,
1456 518 1583 584 juffis

303 607 515 655 corpora
547 606 710 638 curare
748 590 1008 649 militibus,
1050 589 1242 639 nociem
1281 588 1586 656 exspectavit.

304 656 437 706 Tum
471 673 585 705 vera
620 655 822 705 consulis
859 658 1083 706 mandata
1120 659 1371 723 praecipuis
1407 657 1584 706 ducum

306 724 527 790 exposuit
557 763 572 786 ,
620 742 673 772 ac
705 727 870 790 primis
899 725 943 774 se
977 726 1334 774 intendentibus
1372 725 1608 775 tenebris*

306 794 437 842 flexo
461 793 520 841 ad
553 808 773 842 montem
804 795 976 842 itinere
996 831 1010 853 ,
1040 793 1099 841 ad
1121 792 1348 859 Pythium
1368 831 1382 854 ‚
1412 808 1462 841 ut
1485 794 1583 840 im·-

305 875 530 926 peratu‘m
549 876 649 910 erat
667 899 681 920 ‚
710 863 873 926 copias
894 860 1080 909 silentio
1103 861 1245 909 ducit.
1265 861 1367 910 Ubi
1383 874 1584 910 ventum

305 929 367 977 ad
395 928 628 976 summum
648 946 880 978 cacumen
905 928 969 978 est
989 967 1002 988 ‚
1034 930 1166 995 quod
1185 929 1359 978 decem
1382 929 1586 994 amplius

305 995 451 1045 stadia
473 999 520 1044 in
544 996 843 1046 altitudinem
868 996 1056 1064 assurgit
1081 1033 1097 1056 ,
1131 997 1336 1065 fatigatis
1356 998 1586 1046 militibus

307 1064 488 1131 aliquid
519 1067 746 1132 requietis
788 1066 969 1114 datum.
1006 1065 1118 1114 Hoc
1151 1064 1318 1132 jugum
1347 1103 1361 1124 ,
1393 1078 1446 1114 ut
1475 1063 1588 1112 ante

306 1133 489 1180 dicium
525 1132 590 1182 est
610 1172 624 1193 ‚
655 1133 778 1181 Milo
804 1171 820 1195 ,
853 1134 906 1181 ὅ(
937 1131 1182 1193 Histiaeus,
1216 1135 1266 1181 &
1289 1132 1588 1199 Theogenes

308 1218 336 1248 a
366 1199 536 1250 Perseo
570 1200 689 1249 miffi
724 1219 833 1249 cum
865 1204 1078 1268 quinque
1107 1201 1317 1250 millibus
1343 1201 1588 1250 Macedo-

307 1287 425 1316 num
463 1270 792 1319 obtinebant:
840 1267 921 1318 sed
952 1284 1082 1318 tanta
1115 1270 1408 1336 negligentia
1446 1270 1593 1336 regiis.

317 1337 518 1385 ducibus
559 1352 658 1386 erat
691 1375 706 1398 ‚
750 1351 802 1385 ut
838 1353 987 1386 nemo
1024 1338 1290 1387 adventare
1333 1338 1588 1386 Romanos
1660 1355 1670 1376 τΔ

322 1681 618 1746 custoditum,
653 1680 719 1726 ita
742 1692 792 1725 ut
815 1676 986 1740 saltum
1016 1696 1230 1743 occupare
1254 1678 1383 1726 nullo
1411 1678 1589 1743 negotio

313 1744 530 1813 potuiſjet
547 1785 564 1805 ‚
617 1747 707 1809 nist
750 1744 988 1812 transfizga
1023 1746 1231 1809 Cretensts
1277 1764 1333 1792 ex
1378 1747 1439 1793 iis
1478 1761 1591 1810 quos

310 1813 462 1879 ficum
480 1814 667 1862 ducebat
684 1852 701 1871 ,
727 1815 791 1860 ad
808 1812 967 1877 Persea
993 1810 1245 1875 cucurriffiet
1258 1851 1275 1871 ‚
1307 1831 1488 1878 eumque
1509 1814 1593 1860 do·-

318 1879 473 1944 cuiffet
500 1883 614 1947 quid
642 1895 850 1948 ageretur.
888 1885 1050 1946 Regem
1082 1880 1225 1946 ipsum
1257 1883 1431 1945 quidem
1461 1899 1592 1928 man-

306 1947 411 2014 fiffi
435 1952 483 1997 in
517 1950 670 2015 castris
692 1987 709 2007 ,
735 1947 820 2012 sed
843 1947 999 2014 mififfe
1029 1951 1117 1995 duo
1151 1950 1459 1996 Macedonum
1479 1985 1492 2007 ‚
1518 1951 1590 1996 cle-

314 2036 407 2066 cem
434 2018 737 2065 auxiliarium
764 2016 914 2064 millia
932 2055 948 2077 ‚
984 2016 1166 2065 Milone
1195 2019 1305 2063 duce
1325 2054 1342 2074 ,
1371 2018 1435 2063 ad
1458 2034 1591 2063 occu-

309 2088 519 2152 pandum
536 2083 723 2148 saltum.
757 2086 864 2133 Cum
894 2087 966 2133 his
987 2085 1200 2132 acerrirnci'
1214 2085 1375 2150 pugmi
1403 2086 1450 2132 in
1470 2083 1594 2146 ficm-

319 2172 389 2201 mo
411 2151 527 2219 jugo
561 2150 818 2214 concursum
856 2152 936 2217 ff
957 2190 974 2210 ‚
1015 2168 1149 2217 atque
1183 2154 1298 2199 inter
1323 2152 1422 2198 alia
1440 2150 1534 2215 sese
1563 2171 1593 2199 a

321 2222 489 2269 Thrace
523 2221 665 2268 milite
686 2217 805 2284 ferro
844 2223 1093 2286 appetitum
1113 2258 1130 2278 ,
1167 2238 1292 2284 quem
1314 2217 1404 2285 ipſse
1429 2219 1595 2271 adaeld

312 2307 398 2358 per
420 2291 578 2353 pec‘lus
606 2288 734 2354 hasta
766 2290 1055 2353 transfixerit.
1093 2291 1141 2337 V
1136 2289 1246 2336 iffos
1277 2289 1454 2334 tandem
1479 2289 1596 2336 Ma-

319 2359 516 2405 cedonas
546 2356 644 2404 loco
677 2352 829 2419 ceffiffie
848 2393 867 2415 ,
889 2356 1202 2421 Milonemque
1234 2352 1377 2421 ipsum
1408 2355 1596 2422 turpiffl-

319 2473 477 2504 remota
497 2462 519 2503 ,7
550 2477 598 2502 an
623 2461 829 2502 brachium
857 2459 929 2499 ssu-
991 2458 1231 2499 indicaverit
1251 2458 1388 2499 Livius
1411 2457 1476 2498 hic
1494 2458 1599 2498 scin-

321 2525 436 2564 minis
464 2524 608 2578 Enipei
643 2524 682 2563 in
715 2537 821 2564 mare
857 2522 928 2561 de·
992 2521 1088 2560 dere
1117 2520 1157 2560 se
1175 2521 1352 2567 flumen,
1383 2530 1504 2573 atque
1532 2520 1600 2559 ad·

322 2600 429 2625 vexo
455 2587 574 2626 alveo
601 2586 728 2626 fluens
749 2584 766 2625 ?
790 2584 830 2624 Si
850 2585 929 2623 hoc
992 2596 1043 2621 eo
1064 2611 1074 2628 ,
1105 2593 1148 2621 ut
1176 2581 1262 2621 fet-'e
1289 2580 1332 2620 fit
1354 2610 1366 2628 ,
1394 2579 1520 2620 mimis
1539 2582 1600 2620 ai·

321 2647 546 2701 posteriore
593 2647 706 2689 sensu
749 2645 879 2701 capias
916 2673 928 2693 ,
993 2654 1074 2685 turn
1091 2644 1131 2684 &
1149 2641 1310 2688 transitu
1330 2642 1486 2685 facilius
1504 2641 1598 2684 effe,

159 1412 308 1467 Nafica
322 1404 526 1454 senserit.
564 1405 764 1469 Sopitos
788 1404 1024 1472 aggressus
1043 1405 1209 1454 Nafica
1234 1406 1294 1454 de
1317 1403 1430 1470 jugo
1451 1405 1592 1453 facile
1660 1406 1666 1470 'f

112 1477 248 1529 dejicit
321 1471 533 1535 dejecit,
566 1473 600 1522 fi
631 1472 839 1538 Polybio
864 1472 1004 1524 fides„
1043 1472 1148 1539 Ipse
1180 1476 1311 1522 enim
1344 1472 1514 1521 Nasica
1541 1474 1590 1521 in

103 1538 519 1607 jugoprae-epistola
547 1542 608 1590 ad
640 1541 901 1607 quemdam
937 1559 1105 1609 regum
1146 1541 1292 1608 longe
1323 1542 1457 1590 aliter
1485 1557 1590 1589 rem

103 1599 496 1705 {sizzo-narrat·
532 1613 738 1658 Montem
770 1612 910 1658 arduo
952 1608 1162 1674 adscensu
1197 1608 1338 1675 fllffl
1366 1647 1383 1668 ³
1412 1608 1497 1674 sed
1526 1611 1591 1656 in·

112 1737 216 1766 Hum-
