<?xml version="1.0" encoding="UTF-8"?>
<!DOCTYPE html PUBLIC "-//W3C//DTD XHTML 1.0 Transitional//EN"
    "http://www.w3.org/TR/xhtml1/DTD/xhtml1-transitional.dtd">
<html xmlns="http://www.w3.org/1999/xhtml" xml:lang="en" lang="en">
 <head>
  <title>
</title>
<meta http-equiv="Content-Type" content="text/html;charset=utf-8" />
  <meta name='ocr-system' content='tesseract 3.04.00' />
  <meta name='ocr-capabilities' content='ocr_page ocr_carea ocr_par ocr_line ocrx_word'/>
</head>
<body>
  <div class='ocr_page' id='page_1' title='image "./tliviipatavinihi0302livy/tliviipatavinihi0302livy_0217.png"; bbox 0 0 1670 3068; ppageno 0'>
   <div class='ocr_carea' id='block_1_1' title="bbox 319 91 1268 186">
    <p class='ocr_par' dir='ltr' id='par_1_1' title="bbox 319 91 1268 186">
     <span class='ocr_line' id='line_1_1' title="bbox 319 91 1268 186; baseline -0.002 -18"><span class='ocrx_word' id='word_1_1' title='bbox 319 111 676 168; x_wconf 78' lang='lat' dir='ltr'>LIBER</span> <span class='ocrx_word' id='word_1_2' title='bbox 777 91 994 166; x_wconf 64' lang='lat' dir='ltr'><strong>XL‘I.</strong></span> <span class='ocrx_word' id='word_1_3' title='bbox 1158 128 1268 186; x_wconf 81' lang='lat'><strong>213</strong></span> 
     </span>
    </p>
   </div>
   <div class='ocr_carea' id='block_1_2' title="bbox 0 187 1515 2428">
    <p class='ocr_par' dir='ltr' id='par_1_2' title="bbox 20 187 1474 460">
     <span class='ocr_line' id='line_1_2' title="bbox 20 187 1472 260; baseline -0.004 -18"><span class='ocrx_word' id='word_1_4' title='bbox 20 193 173 244; x_wconf 61' lang='lat' dir='ltr'><strong>&#39;ilibus</strong></span> <span class='ocrx_word' id='word_1_5' title='bbox 207 190 392 257; x_wconf 79' lang='lat' dir='ltr'><strong>vulgari</strong></span> <span class='ocrx_word' id='word_1_6' title='bbox 429 187 540 253; x_wconf 76' lang='lat' dir='ltr'><strong>joco</strong></span> <span class='ocrx_word' id='word_1_7' title='bbox 576 188 801 237; x_wconf 86' lang='lat' dir='ltr'><strong>celebrati</strong></span> <span class='ocrx_word' id='word_1_8' title='bbox 839 187 1028 237; x_wconf 85' lang='lat' dir='ltr'><strong>fuerint.</strong></span> <span class='ocrx_word' id='word_1_9' title='bbox 1066 187 1268 238; x_wconf 86' lang='lat' dir='ltr'>Trium-</span> <span class='ocrx_word' id='word_1_10' title='bbox 1283 208 1472 260; x_wconf 40' lang='grc' dir='ltr'><strong>[χρῇ-7,</strong></span> 
     </span>
     <span class='ocr_line' id='line_1_3' title="bbox 21 253 1474 323; baseline -0.004 -12"><span class='ocrx_word' id='word_1_11' title='bbox 21 263 266 311; x_wconf 83' lang='lat' dir='ltr'><strong>›haverunt</strong></span> <span class='ocrx_word' id='word_1_12' title='bbox 286 259 334 306; x_wconf 85' lang='lat'>&amp;</span> <span class='ocrx_word' id='word_1_13' title='bbox 355 257 570 306; x_wconf 85' lang='lat' dir='ltr'><strong>consules</strong></span> <span class='ocrx_word' id='word_1_14' title='bbox 590 259 736 305; x_wconf 83' lang='lat' dir='ltr'><strong>ambo</strong></span> <span class='ocrx_word' id='word_1_15' title='bbox 760 294 776 317; x_wconf 86' lang='lat'><strong>‚</strong></span> <span class='ocrx_word' id='word_1_16' title='bbox 806 255 1023 306; x_wconf 85' lang='lat' dir='ltr'><strong>Scaevola</strong></span> <span class='ocrx_word' id='word_1_17' title='bbox 1044 256 1104 305; x_wconf 89' lang='lat' dir='ltr'><strong>de</strong></span> <span class='ocrx_word' id='word_1_18' title='bbox 1125 256 1269 323; x_wconf 76' lang='lat' dir='ltr'><strong>Ligu·</strong></span> <span class='ocrx_word' id='word_1_19' title='bbox 1283 263 1367 304; x_wconf 72' lang='lat' dir='ltr'><strong>a.C.</strong></span> <span class='ocrx_word' id='word_1_20' title='bbox 1384 253 1474 313; x_wconf 59' lang='lat'><strong>1:7&#39;5·</strong></span> 
     </span>
     <span class='ocr_line' id='line_1_4' title="bbox 21 322 1474 391; baseline -0.004 -14"><span class='ocrx_word' id='word_1_21' title='bbox 21 329 160 389; x_wconf 71' lang='lat' dir='ltr'><strong>ibus,</strong></span> <span class='ocrx_word' id='word_1_22' title='bbox 202 326 411 391; x_wconf 86' lang='lat' dir='ltr'>Lepidus</span> <span class='ocrx_word' id='word_1_23' title='bbox 444 325 503 373; x_wconf 91' lang='lat' dir='ltr'><strong>de</strong></span> <span class='ocrx_word' id='word_1_24' title='bbox 535 325 699 373; x_wconf 68' lang='lat' dir='ltr'><strong>iisdem</strong></span> <span class='ocrx_word' id='word_1_25' title='bbox 730 325 780 372; x_wconf 87' lang='lat'>&amp;</span> <span class='ocrx_word' id='word_1_26' title='bbox 810 322 982 373; x_wconf 88' lang='lat' dir='ltr'><strong>Gallis.</strong></span> <span class='ocrx_word' id='word_1_27' title='bbox 1018 322 1147 372; x_wconf 91' lang='lat' dir='ltr'><strong>Tum</strong></span> <span class='ocrx_word' id='word_1_28' title='bbox 1181 343 1272 372; x_wconf 85' lang='lat' dir='ltr'><strong>co·-</strong></span> <span class='ocrx_word' id='word_1_29' title='bbox 1292 338 1474 378; x_wconf 72' lang='lat' dir='ltr'><strong>comitia.</strong></span> 
     </span>
     <span class='ocr_line' id='line_1_5' title="bbox 21 393 1275 460; baseline -0.005 -15"><span class='ocrx_word' id='word_1_30' title='bbox 21 397 134 445; x_wconf 83' lang='lat' dir='ltr'><strong>niria</strong></span> <span class='ocrx_word' id='word_1_31' title='bbox 167 393 520 460; x_wconf 76' lang='lat' dir='ltr'><strong>magistratuum</strong></span> <span class='ocrx_word' id='word_1_32' title='bbox 549 395 596 440; x_wconf 89' lang='lat' dir='ltr'><strong>in</strong></span> <span class='ocrx_word' id='word_1_33' title='bbox 623 394 954 457; x_wconf 85' lang='lat' dir='ltr'><strong>insequentem</strong></span> <span class='ocrx_word' id='word_1_34' title='bbox 985 409 1162 440; x_wconf 88' lang='lat' dir='ltr'><strong>annum</strong></span> <span class='ocrx_word' id='word_1_35' title='bbox 1193 393 1275 440; x_wconf 84' lang='lat' dir='ltr'><strong>ha-</strong></span> 
     </span>
    </p>

    <p class='ocr_par' dir='ltr' id='par_1_3' title="bbox 22 458 1277 526">
     <span class='ocr_line' id='line_1_6' title="bbox 22 458 1277 526; baseline -0.005 -14"><span class='ocrx_word' id='word_1_36' title='bbox 22 465 117 513; x_wconf 84' lang='lat' dir='ltr'><strong>)ita.</strong></span> <span class='ocrx_word' id='word_1_37' title='bbox 144 461 307 512; x_wconf 84' lang='lat' dir='ltr'><strong>Creati</strong></span> <span class='ocrx_word' id='word_1_38' title='bbox 345 460 562 509; x_wconf 87' lang='lat' dir='ltr'><strong>consules</strong></span> <span class='ocrx_word' id='word_1_39' title='bbox 592 460 693 508; x_wconf 87' lang='lat' dir='ltr'><strong>sunt</strong></span> <span class='ocrx_word' id='word_1_40' title='bbox 722 461 805 526; x_wconf 88' lang='lat' dir='ltr'><strong>Sp.</strong></span> <span class='ocrx_word' id='word_1_41' title='bbox 835 459 1100 509; x_wconf 84' lang='lat' dir='ltr'><strong>Postumius</strong></span> <span class='ocrx_word' id='word_1_42' title='bbox 1135 458 1277 507; x_wconf 81' lang='lat' dir='ltr'><strong>Albi-</strong></span> 
     </span>
    </p>

    <p class='ocr_par' dir='ltr' id='par_1_4' title="bbox 22 528 1274 593">
     <span class='ocr_line' id='line_1_7' title="bbox 22 528 1274 593; baseline -0.005 -13"><span class='ocrx_word' id='word_1_43' title='bbox 22 549 125 591; x_wconf 81' lang='lat' dir='ltr'><strong>ms,</strong></span> <span class='ocrx_word' id='word_1_44' title='bbox 164 528 236 593; x_wconf 84' lang='lat' dir='ltr'><strong>Q.</strong></span> <span class='ocrx_word' id='word_1_45' title='bbox 272 528 463 577; x_wconf 87' lang='lat' dir='ltr'><strong>Mucius</strong></span> <span class='ocrx_word' id='word_1_46' title='bbox 497 528 733 579; x_wconf 77' lang='lat' dir='ltr'><strong>Scaevola.</strong></span> <span class='ocrx_word' id='word_1_47' title='bbox 784 528 1021 577; x_wconf 86' lang='lat' dir='ltr'><strong>Praetoriis</strong></span> <span class='ocrx_word' id='word_1_48' title='bbox 1066 529 1274 576; x_wconf 82' lang='lat' dir='ltr'><strong>comitiis</strong></span> 
     </span>
    </p>

    <p class='ocr_par' dir='ltr' id='par_1_5' title="bbox 18 595 1484 933">
     <span class='ocr_line' id='line_1_8' title="bbox 22 595 1482 667; baseline -0.003 -20"><span class='ocrx_word' id='word_1_49' title='bbox 22 598 194 647; x_wconf 72' lang='lat' dir='ltr'><strong>⁷ortuna</strong></span> <span class='ocrx_word' id='word_1_50' title='bbox 246 599 369 645; x_wconf 86' lang='lat' dir='ltr'><strong>inter</strong></span> <span class='ocrx_word' id='word_1_51' title='bbox 417 609 606 645; x_wconf 85' lang='lat' dir='ltr'><strong>ceteros</strong></span> <span class='ocrx_word' id='word_1_52' title='bbox 645 596 924 644; x_wconf 78' lang='lat' dir='ltr'><strong>candidatos</strong></span> <span class='ocrx_word' id='word_1_53' title='bbox 969 595 1020 643; x_wconf 87' lang='lat' dir='ltr'><strong>P.</strong></span> <span class='ocrx_word' id='word_1_54' title='bbox 1058 595 1272 643; x_wconf 88' lang='lat' dir='ltr'><strong>Africani</strong></span> <span class='ocrx_word' id='word_1_55' title='bbox 1298 608 1482 667; x_wconf 62' lang='lat' dir='ltr'><strong>Africani</strong></span> 
     </span>
     <span class='ocr_line' id='line_1_9' title="bbox 22 662 1484 732; baseline -0.002 -17"><span class='ocrx_word' id='word_1_56' title='bbox 22 665 152 715; x_wconf 84' lang='lat' dir='ltr'><strong>ilium</strong></span> <span class='ocrx_word' id='word_1_57' title='bbox 180 685 193 714; x_wconf 90' lang='lat'>1</span> <span class='ocrx_word' id='word_1_58' title='bbox 216 663 268 712; x_wconf 83' lang='lat' dir='ltr'><strong>L.</strong></span> <span class='ocrx_word' id='word_1_59' title='bbox 285 663 570 713; x_wconf 88' lang='lat' dir='ltr'><strong>Cornelium</strong></span> <span class='ocrx_word' id='word_1_60' title='bbox 588 662 869 728; x_wconf 80' lang='lat' dir='ltr'><strong>Scipionem</strong></span> <span class='ocrx_word' id='word_1_61' title='bbox 890 702 905 720; x_wconf 92' lang='lat'>‚</span> <span class='ocrx_word' id='word_1_62' title='bbox 927 662 1023 711; x_wconf 75' lang='lat' dir='ltr'><strong>sive</strong></span> <span class='ocrx_word' id='word_1_63' title='bbox 1043 665 1079 710; x_wconf 89' lang='lat' dir='ltr'><strong>is</strong></span> <span class='ocrx_word' id='word_1_64' title='bbox 1095 662 1390 732; x_wconf 64' lang='lat' dir='ltr'><strong>Cnaeusfilias</strong></span> <span class='ocrx_word' id='word_1_65' title='bbox 1411 688 1484 727; x_wconf 67' lang='grc' dir='ltr'><strong>ομ</strong></span> 
     </span>
     <span class='ocr_line' id='line_1_10' title="bbox 18 731 1439 798; baseline -0.006 -16"><span class='ocrx_word' id='word_1_66' title='bbox 18 733 125 792; x_wconf 72' lang='lat' dir='ltr'><strong>-·&#39;uit‚</strong></span> <span class='ocrx_word' id='word_1_67' title='bbox 160 748 258 780; x_wconf 90' lang='lat' dir='ltr'><strong>non</strong></span> <span class='ocrx_word' id='word_1_68' title='bbox 287 731 383 780; x_wconf 87' lang='lat' dir='ltr'><strong>fine</strong></span> <span class='ocrx_word' id='word_1_69' title='bbox 408 749 580 798; x_wconf 84' lang='lat' dir='ltr'><strong>magna</strong></span> <span class='ocrx_word' id='word_1_70' title='bbox 608 731 786 779; x_wconf 88' lang='lat' dir='ltr'><strong>invidia</strong></span> <span class='ocrx_word' id='word_1_71' title='bbox 808 733 854 778; x_wconf 89' lang='lat' dir='ltr'><strong>in</strong></span> <span class='ocrx_word' id='word_1_72' title='bbox 882 747 1126 779; x_wconf 84' lang='lat' dir='ltr'><strong>certamen</strong></span> <span class='ocrx_word' id='word_1_73' title='bbox 1151 749 1270 779; x_wconf 85' lang='lat' dir='ltr'><strong>con·</strong></span> <span class='ocrx_word' id='word_1_74' title='bbox 1291 736 1439 782; x_wconf 63' lang='lat' dir='ltr'><strong>Cicerei</strong></span> 
     </span>
     <span class='ocr_line' id='line_1_11' title="bbox 21 797 1454 865; baseline -0.003 -14"><span class='ocrx_word' id='word_1_75' title='bbox 21 803 122 851; x_wconf 58' lang='lat' dir='ltr'><strong>:ecit</strong></span> <span class='ocrx_word' id='word_1_76' title='bbox 153 817 260 848; x_wconf 88' lang='lat' dir='ltr'><strong>cum</strong></span> <span class='ocrx_word' id='word_1_77' title='bbox 294 798 358 848; x_wconf 86' lang='lat' dir='ltr'><strong>C.</strong></span> <span class='ocrx_word' id='word_1_78' title='bbox 388 797 610 848; x_wconf 85' lang='lat' dir='ltr'><strong>Cicereio</strong></span> <span class='ocrx_word' id='word_1_79' title='bbox 632 837 646 858; x_wconf 87' lang='lat'>,</span> <span class='ocrx_word' id='word_1_80' title='bbox 688 803 767 865; x_wconf 87' lang='lat' dir='ltr'><strong>qui</strong></span> <span class='ocrx_word' id='word_1_81' title='bbox 798 800 942 865; x_wconf 85' lang='lat' dir='ltr'><strong>patris</strong></span> <span class='ocrx_word' id='word_1_82' title='bbox 986 797 1088 862; x_wconf 74' lang='lat' dir='ltr'><strong>ejus</strong></span> <span class='ocrx_word' id='word_1_83' title='bbox 1129 798 1454 856; x_wconf 77' lang='lat' dir='ltr'><strong>scribapraezor·</strong></span> 
     </span>
     <span class='ocr_line' id='line_1_12' title="bbox 25 865 1279 933; baseline -0.002 -16"><span class='ocrx_word' id='word_1_84' title='bbox 25 869 177 917; x_wconf 72' lang='lat' dir='ltr'><strong>⁷uerat.</strong></span> <span class='ocrx_word' id='word_1_85' title='bbox 223 867 350 916; x_wconf 88' lang='lat' dir='ltr'><strong>Nam</strong></span> <span class='ocrx_word' id='word_1_86' title='bbox 383 871 592 933; x_wconf 88' lang='lat' dir='ltr'><strong>quinque</strong></span> <span class='ocrx_word' id='word_1_87' title='bbox 630 865 725 929; x_wconf 80' lang='lat' dir='ltr'><strong>jam</strong></span> <span class='ocrx_word' id='word_1_88' title='bbox 764 869 1018 915; x_wconf 87' lang='lat' dir='ltr'><strong>nominatis</strong></span> <span class='ocrx_word' id='word_1_89' title='bbox 1053 868 1279 931; x_wconf 80' lang='lat' dir='ltr'><strong>praetori-</strong></span> 
     </span>
    </p>

    <p class='ocr_par' dir='ltr' id='par_1_6' title="bbox 22 933 1281 1063">
     <span class='ocr_line' id='line_1_13' title="bbox 22 933 1281 1002; baseline -0.002 -17"><span class='ocrx_word' id='word_1_90' title='bbox 22 954 128 995; x_wconf 79' lang='lat' dir='ltr'><strong>¹ms,</strong></span> <span class='ocrx_word' id='word_1_91' title='bbox 163 934 224 985; x_wconf 89' lang='lat' dir='ltr'><strong>C.</strong></span> <span class='ocrx_word' id='word_1_92' title='bbox 254 934 416 984; x_wconf 83' lang='lat' dir='ltr'><strong>Caffio</strong></span> <span class='ocrx_word' id='word_1_93' title='bbox 450 935 671 1002; x_wconf 78' lang='lat' dir='ltr'>Longino</span> <span class='ocrx_word' id='word_1_94' title='bbox 699 973 714 994; x_wconf 86' lang='lat'>‚</span> <span class='ocrx_word' id='word_1_95' title='bbox 753 933 804 983; x_wconf 90' lang='lat' dir='ltr'><strong>P.</strong></span> <span class='ocrx_word' id='word_1_96' title='bbox 837 933 982 982; x_wconf 88' lang='lat' dir='ltr'><strong>Furio</strong></span> <span class='ocrx_word' id='word_1_97' title='bbox 1018 933 1154 984; x_wconf 71' lang='lat' dir='ltr'><strong>Philo</strong></span> <span class='ocrx_word' id='word_1_98' title='bbox 1177 973 1190 991; x_wconf 77' lang='lat'>‚</span> <span class='ocrx_word' id='word_1_99' title='bbox 1222 934 1281 987; x_wconf 87' lang='lat' dir='ltr'><strong>L.</strong></span> 
     </span>
     <span class='ocr_line' id='line_1_14' title="bbox 25 1001 1278 1063; baseline -0.004 -8"><span class='ocrx_word' id='word_1_100' title='bbox 25 1003 213 1055; x_wconf 63' lang='lat' dir='ltr'><strong>Claudio</strong></span> <span class='ocrx_word' id='word_1_101' title='bbox 248 1004 410 1052; x_wconf 83' lang='lat' dir='ltr'><strong>Asello</strong></span> <span class='ocrx_word' id='word_1_102' title='bbox 432 1040 445 1063; x_wconf 87' lang='lat'>‚</span> <span class='ocrx_word' id='word_1_103' title='bbox 479 1003 551 1051; x_wconf 91' lang='lat' dir='ltr'><strong>M.</strong></span> <span class='ocrx_word' id='word_1_104' title='bbox 579 1002 730 1050; x_wconf 79' lang='lat' dir='ltr'><strong>Atilio</strong></span> <span class='ocrx_word' id='word_1_105' title='bbox 763 1002 969 1051; x_wconf 86' lang='lat' dir='ltr'><strong>Serrano</strong></span> <span class='ocrx_word' id='word_1_106' title='bbox 991 1040 1004 1060; x_wconf 88' lang='lat'><strong>‚</strong></span> <span class='ocrx_word' id='word_1_107' title='bbox 1035 1001 1129 1052; x_wconf 88' lang='lat' dir='ltr'><strong>Cn.</strong></span> <span class='ocrx_word' id='word_1_108' title='bbox 1167 1003 1278 1052; x_wconf 88' lang='lat' dir='ltr'><strong>Ser-</strong></span> 
     </span>
    </p>

    <p class='ocr_par' dir='ltr' id='par_1_7' title="bbox 26 1070 1281 1204">
     <span class='ocr_line' id='line_1_15' title="bbox 26 1070 1279 1137; baseline -0.002 -17"><span class='ocrx_word' id='word_1_109' title='bbox 26 1073 125 1120; x_wconf 74' lang='lat' dir='ltr'><strong>rilio</strong></span> <span class='ocrx_word' id='word_1_110' title='bbox 150 1070 384 1137; x_wconf 84' lang='lat' dir='ltr'><strong>Caepione</strong></span> <span class='ocrx_word' id='word_1_111' title='bbox 405 1109 418 1131; x_wconf 84' lang='lat'>,</span> <span class='ocrx_word' id='word_1_112' title='bbox 453 1088 600 1137; x_wconf 86' lang='lat' dir='ltr'><strong>quum</strong></span> <span class='ocrx_word' id='word_1_113' title='bbox 625 1087 843 1120; x_wconf 85' lang='lat' dir='ltr'><strong>extremo</strong></span> <span class='ocrx_word' id='word_1_114' title='bbox 874 1070 1037 1119; x_wconf 86' lang='lat' dir='ltr'><strong>saltem</strong></span> <span class='ocrx_word' id='word_1_115' title='bbox 1061 1071 1170 1119; x_wconf 87' lang='lat' dir='ltr'><strong>loco</strong></span> <span class='ocrx_word' id='word_1_116' title='bbox 1192 1071 1279 1118; x_wconf 85' lang='lat' dir='ltr'><strong>ad-</strong></span> 
     </span>
     <span class='ocr_line' id='line_1_16' title="bbox 26 1138 1281 1204; baseline -0.001 -17"><span class='ocrx_word' id='word_1_117' title='bbox 26 1140 264 1188; x_wconf 68' lang='lat' dir='ltr'><strong>iaerescere</strong></span> <span class='ocrx_word' id='word_1_118' title='bbox 295 1139 457 1204; x_wconf 80' lang='lat' dir='ltr'>Scipio</span> <span class='ocrx_word' id='word_1_119' title='bbox 483 1142 743 1197; x_wconf 80' lang='lat' dir='ltr'><strong>niteretur,</strong></span> <span class='ocrx_word' id='word_1_120' title='bbox 780 1138 904 1187; x_wconf 85' lang='lat' dir='ltr'><strong>adeo</strong></span> <span class='ocrx_word' id='word_1_121' title='bbox 942 1157 968 1186; x_wconf 85' lang='lat' dir='ltr'><strong>a</strong></span> <span class='ocrx_word' id='word_1_122' title='bbox 1006 1140 1148 1203; x_wconf 82' lang='lat' dir='ltr'><strong>patris</strong></span> <span class='ocrx_word' id='word_1_123' title='bbox 1183 1142 1281 1188; x_wconf 89' lang='lat' dir='ltr'><strong>vir-</strong></span> 
     </span>
    </p>

    <p class='ocr_par' dir='ltr' id='par_1_8' title="bbox 26 1204 1284 1342">
     <span class='ocr_line' id='line_1_17' title="bbox 26 1204 1284 1274; baseline -0.001 -19"><span class='ocrx_word' id='word_1_124' title='bbox 26 1209 188 1256; x_wconf 82' lang='lat' dir='ltr'><strong>:utibus</strong></span> <span class='ocrx_word' id='word_1_125' title='bbox 222 1206 526 1274; x_wconf 79' lang='lat' dir='ltr'><strong>degeneraffe</strong></span> <span class='ocrx_word' id='word_1_126' title='bbox 564 1206 684 1254; x_wconf 84' lang='lat' dir='ltr'><strong>visus</strong></span> <span class='ocrx_word' id='word_1_127' title='bbox 709 1204 775 1254; x_wconf 89' lang='lat' dir='ltr'><strong>est</strong></span> <span class='ocrx_word' id='word_1_128' title='bbox 796 1244 810 1266; x_wconf 86' lang='lat'>,</span> <span class='ocrx_word' id='word_1_129' title='bbox 840 1221 890 1255; x_wconf 87' lang='lat' dir='ltr'><strong>ut</strong></span> <span class='ocrx_word' id='word_1_130' title='bbox 924 1208 1139 1254; x_wconf 86' lang='lat' dir='ltr'><strong>omnium</strong></span> <span class='ocrx_word' id='word_1_131' title='bbox 1166 1224 1284 1255; x_wconf 90' lang='lat' dir='ltr'><strong>cen-</strong></span> 
     </span>
     <span class='ocr_line' id='line_1_18' title="bbox 26 1272 1283 1342; baseline -0.001 -19"><span class='ocrx_word' id='word_1_132' title='bbox 26 1277 238 1323; x_wconf 85' lang='lat' dir='ltr'><strong>:uriarum</strong></span> <span class='ocrx_word' id='word_1_133' title='bbox 285 1273 510 1342; x_wconf 57' lang='lat' dir='ltr'><strong>stifft-agiis</strong></span> <span class='ocrx_word' id='word_1_134' title='bbox 563 1276 604 1323; x_wconf 88' lang='lat' dir='ltr'><strong>ei</strong></span> <span class='ocrx_word' id='word_1_135' title='bbox 649 1272 892 1323; x_wconf 83' lang='lat' dir='ltr'><strong>Cicereius</strong></span> <span class='ocrx_word' id='word_1_136' title='bbox 925 1273 1283 1335; x_wconf 80' lang='lat' dir='ltr'><strong>anteferretur,</strong></span> 
     </span>
    </p>

    <p class='ocr_par' dir='ltr' id='par_1_9' title="bbox 26 1340 1289 1461">
     <span class='ocr_line' id='line_1_19' title="bbox 26 1340 1285 1401; baseline -0.001 -10"><span class='ocrx_word' id='word_1_137' title='bbox 26 1341 97 1392; x_wconf 64' lang='lat' dir='ltr'><strong>misi</strong></span> <span class='ocrx_word' id='word_1_138' title='bbox 125 1344 198 1391; x_wconf 89' lang='lat' dir='ltr'><strong>hic</strong></span> <span class='ocrx_word' id='word_1_139' title='bbox 227 1342 324 1392; x_wconf 86' lang='lat' dir='ltr'><strong>five</strong></span> <span class='ocrx_word' id='word_1_140' title='bbox 361 1342 565 1390; x_wconf 82' lang='lat' dir='ltr'><strong>fortunae</strong></span> <span class='ocrx_word' id='word_1_141' title='bbox 597 1344 777 1391; x_wconf 85' lang='lat' dir='ltr'><strong>crimen</strong></span> <span class='ocrx_word' id='word_1_142' title='bbox 799 1380 812 1401; x_wconf 92' lang='lat'>‚</span> <span class='ocrx_word' id='word_1_143' title='bbox 841 1340 938 1390; x_wconf 79' lang='lat' dir='ltr'><strong>sive</strong></span> <span class='ocrx_word' id='word_1_144' title='bbox 974 1344 1285 1391; x_wconf 86' lang='lat' dir='ltr'><strong>comitiorum</strong></span> 
     </span>
     <span class='ocr_line' id='line_1_20' title="bbox 26 1408 1289 1461; baseline -0.002 0"><span class='ocrx_word' id='word_1_145' title='bbox 26 1427 226 1461; x_wconf 72' lang='lat' dir='ltr'><strong>&#39;errorem</strong></span> <span class='ocrx_word' id='word_1_146' title='bbox 248 1410 481 1460; x_wconf 67' lang='lat' dir='ltr'><strong>modestia</strong></span> <span class='ocrx_word' id='word_1_147' title='bbox 509 1410 584 1459; x_wconf 68' lang='lat' dir='ltr'><strong>sua</strong></span> <span class='ocrx_word' id='word_1_148' title='bbox 618 1408 927 1459; x_wconf 81' lang='lat' dir='ltr'><strong>emendasset.</strong></span> <span class='ocrx_word' id='word_1_149' title='bbox 961 1409 1011 1457; x_wconf 91' lang='lat' dir='ltr'><strong>ln</strong></span> <span class='ocrx_word' id='word_1_150' title='bbox 1035 1411 1128 1459; x_wconf 88' lang='lat' dir='ltr'><strong>hoc</strong></span> <span class='ocrx_word' id='word_1_151' title='bbox 1159 1428 1289 1459; x_wconf 83' lang='lat' dir='ltr'><strong>cam-</strong></span> 
     </span>
    </p>

    <p class='ocr_par' dir='ltr' id='par_1_10' title="bbox 21 1477 1293 1816">
     <span class='ocr_line' id='line_1_21' title="bbox 22 1477 1288 1544; baseline -0.001 -17"><span class='ocrx_word' id='word_1_152' title='bbox 22 1477 156 1543; x_wconf 76' lang='lat' dir='ltr'><strong>pestri</strong></span> <span class='ocrx_word' id='word_1_153' title='bbox 189 1482 448 1529; x_wconf 85' lang='lat' dir='ltr'><strong>certamine</strong></span> <span class='ocrx_word' id='word_1_154' title='bbox 483 1481 671 1544; x_wconf 85' lang='lat' dir='ltr'><strong>patroni</strong></span> <span class='ocrx_word' id='word_1_155' title='bbox 703 1477 934 1526; x_wconf 79' lang='lat' dir='ltr'><strong>luifilium</strong></span> <span class='ocrx_word' id='word_1_156' title='bbox 961 1480 1155 1527; x_wconf 87' lang='lat' dir='ltr'><strong>vincere</strong></span> <span class='ocrx_word' id='word_1_157' title='bbox 1188 1495 1288 1527; x_wconf 92' lang='lat' dir='ltr'><strong>non</strong></span> 
     </span>
     <span class='ocr_line' id='line_1_22' title="bbox 24 1545 1287 1613; baseline -0.001 -19"><span class='ocrx_word' id='word_1_158' title='bbox 24 1545 225 1595; x_wconf 78' lang='lat' dir='ltr'><strong>sustinuit</strong></span> <span class='ocrx_word' id='word_1_159' title='bbox 248 1585 260 1606; x_wconf 95' lang='lat'>‚</span> <span class='ocrx_word' id='word_1_160' title='bbox 300 1545 580 1612; x_wconf 64' lang='lat' dir='ltr'><strong>abjeclaque</strong></span> <span class='ocrx_word' id='word_1_161' title='bbox 616 1545 770 1593; x_wconf 87' lang='lat' dir='ltr'><strong>statim</strong></span> <span class='ocrx_word' id='word_1_162' title='bbox 807 1545 1007 1594; x_wconf 71' lang='lat' dir='ltr'><strong>candida</strong></span> <span class='ocrx_word' id='word_1_163' title='bbox 1038 1548 1151 1613; x_wconf 62' lang='lat' dir='ltr'><strong>toga</strong></span> <span class='ocrx_word' id='word_1_164' title='bbox 1177 1584 1194 1604; x_wconf 92' lang='lat'><strong><em>,</em></strong></span> <span class='ocrx_word' id='word_1_165' title='bbox 1227 1562 1287 1595; x_wconf 84' lang='lat' dir='ltr'><strong>ex</strong></span> 
     </span>
     <span class='ocr_line' id='line_1_23' title="bbox 26 1614 1291 1680; baseline -0.001 -17"><span class='ocrx_word' id='word_1_166' title='bbox 26 1617 343 1679; x_wconf 79' lang='lat' dir='ltr'><strong>competitore</strong></span> <span class='ocrx_word' id='word_1_167' title='bbox 379 1616 438 1664; x_wconf 85' lang='lat' dir='ltr'><strong>de</strong></span> <span class='ocrx_word' id='word_1_168' title='bbox 480 1614 676 1662; x_wconf 63' lang='lat' dir='ltr'><strong>vicloria</strong></span> <span class='ocrx_word' id='word_1_169' title='bbox 707 1627 841 1663; x_wconf 81' lang='lat' dir='ltr'><strong>certo</strong></span> <span class='ocrx_word' id='word_1_170' title='bbox 874 1629 1030 1680; x_wconf 76' lang='lat' dir='ltr'><strong>gratus</strong></span> <span class='ocrx_word' id='word_1_171' title='bbox 1062 1617 1208 1663; x_wconf 85' lang='lat' dir='ltr'><strong>cliens</strong></span> <span class='ocrx_word' id='word_1_172' title='bbox 1239 1615 1291 1662; x_wconf 91' lang='lat'>&amp;</span> 
     </span>
     <span class='ocr_line' id='line_1_24' title="bbox 26 1680 1293 1747; baseline -0.001 -16"><span class='ocrx_word' id='word_1_173' title='bbox 26 1685 352 1746; x_wconf 81' lang='lat' dir='ltr'><strong>competitoris</strong></span> <span class='ocrx_word' id='word_1_174' title='bbox 388 1681 451 1731; x_wconf 88' lang='lat' dir='ltr'><strong>sui</strong></span> <span class='ocrx_word' id='word_1_175' title='bbox 483 1680 760 1747; x_wconf 78' lang='lat' dir='ltr'><strong>suffragator</strong></span> <span class='ocrx_word' id='word_1_176' title='bbox 790 1681 937 1729; x_wconf 59' lang='lat' dir='ltr'><strong>factus</strong></span> <span class='ocrx_word' id='word_1_177' title='bbox 967 1681 1050 1730; x_wconf 91' lang='lat' dir='ltr'><strong>est.</strong></span> <span class='ocrx_word' id='word_1_178' title='bbox 1088 1680 1165 1731; x_wconf 87' lang='lat' dir='ltr'><strong>Sic</strong></span> <span class='ocrx_word' id='word_1_179' title='bbox 1196 1683 1293 1730; x_wconf 89' lang='lat' dir='ltr'><strong>ho-</strong></span> 
     </span>
     <span class='ocr_line' id='line_1_25' title="bbox 21 1750 1293 1816; baseline 0.001 -18"><span class='ocrx_word' id='word_1_180' title='bbox 21 1767 230 1808; x_wconf 73' lang='lat' dir='ltr'><strong>norem,</strong></span> <span class='ocrx_word' id='word_1_181' title='bbox 276 1767 421 1816; x_wconf 81' lang='lat' dir='ltr'><strong>quem</strong></span> <span class='ocrx_word' id='word_1_182' title='bbox 458 1768 484 1797; x_wconf 93' lang='lat' dir='ltr'><strong>a</strong></span> <span class='ocrx_word' id='word_1_183' title='bbox 530 1750 716 1816; x_wconf 85' lang='lat' dir='ltr'><strong>populo</strong></span> <span class='ocrx_word' id='word_1_184' title='bbox 755 1751 1090 1814; x_wconf 80' lang='lat' dir='ltr'><strong>impetraturus</strong></span> <span class='ocrx_word' id='word_1_185' title='bbox 1128 1751 1293 1814; x_wconf 86' lang='lat' dir='ltr'><strong>Scipio</strong></span> 
     </span>
    </p>

    <p class='ocr_par' dir='ltr' id='par_1_11' title="bbox 24 1815 1330 1954">
     <span class='ocr_line' id='line_1_26' title="bbox 24 1815 1296 1884; baseline 0 -17"><span class='ocrx_word' id='word_1_186' title='bbox 24 1835 124 1867; x_wconf 80' lang='lat' dir='ltr'><strong>non</strong></span> <span class='ocrx_word' id='word_1_187' title='bbox 161 1819 445 1877; x_wconf 84' lang='lat' dir='ltr'><strong>videbatur,</strong></span> <span class='ocrx_word' id='word_1_188' title='bbox 477 1835 572 1883; x_wconf 88' lang='lat' dir='ltr'><strong>ope</strong></span> <span class='ocrx_word' id='word_1_189' title='bbox 609 1815 816 1866; x_wconf 87' lang='lat' dir='ltr'><strong>Cicereii</strong></span> <span class='ocrx_word' id='word_1_190' title='bbox 850 1817 1168 1884; x_wconf 76' lang='lat' dir='ltr'><strong>consequutus</strong></span> <span class='ocrx_word' id='word_1_191' title='bbox 1195 1816 1296 1879; x_wconf 78' lang='lat' dir='ltr'><strong>est,</strong></span> 
     </span>
     <span class='ocr_line' id='line_1_27' title="bbox 24 1883 1330 1954; baseline -0.002 -20"><span class='ocrx_word' id='word_1_192' title='bbox 24 1883 212 1942; x_wconf 56' lang='lat' dir='ltr'><strong>&gt;maiore</strong></span> <span class='ocrx_word' id='word_1_193' title='bbox 241 1885 444 1936; x_wconf 83' lang='lat' dir='ltr'><strong>Cicereii</strong></span> <span class='ocrx_word' id='word_1_194' title='bbox 473 1886 623 1952; x_wconf 69' lang='lat' dir='ltr'><strong>gloria</strong></span> <span class='ocrx_word' id='word_1_195' title='bbox 646 1923 660 1943; x_wconf 90' lang='lat'>‚</span> <span class='ocrx_word' id='word_1_196' title='bbox 692 1886 833 1951; x_wconf 70' lang='lat' dir='ltr'><strong>quam</strong></span> <span class='ocrx_word' id='word_1_197' title='bbox 865 1886 958 1934; x_wconf 79' lang='lat' dir='ltr'><strong>sua.</strong></span> <span class='ocrx_word' id='word_1_198' title='bbox 1318 1944 1330 1954; x_wconf 43' lang='grc' dir='ltr'><strong>Γ</strong></span> 
     </span>
    </p>

    <p class='ocr_par' dir='ltr' id='par_1_12' title="bbox 0 1942 1515 2428">
     <span class='ocr_line' id='line_1_28' title="bbox 96 1942 1504 2021; baseline -0.001 -20"><span class='ocrx_word' id='word_1_199' title='bbox 96 1952 231 2002; x_wconf 90' lang='grc' dir='ltr'><strong>ΧΧΙ.</strong></span> <span class='ocrx_word' id='word_1_200' title='bbox 271 1953 561 2003; x_wconf 83' lang='lat' dir='ltr'><strong>Consulibus</strong></span> <span class='ocrx_word' id='word_1_201' title='bbox 614 1954 876 2018; x_wconf 67' lang='lat' dir='ltr'><strong>provinciae</strong></span> <span class='ocrx_word' id='word_1_202' title='bbox 914 1952 1152 2019; x_wconf 81' lang='lat' dir='ltr'><strong>affignatae</strong></span> <span class='ocrx_word' id='word_1_203' title='bbox 1195 1942 1504 2021; x_wconf 61' lang='lat' dir='ltr'><strong>sunt‘J·²-{]3·</strong></span> 
     </span>
     <span class='ocr_line' id='line_1_29' title="bbox 31 2004 1504 2098; baseline -0.002 -28"><span class='ocrx_word' id='word_1_204' title='bbox 31 2018 186 2070; x_wconf 77' lang='lat' dir='ltr'><strong>Gallia</strong></span> <span class='ocrx_word' id='word_1_205' title='bbox 226 2023 276 2069; x_wconf 66' lang='grc' dir='ltr'><strong>ὅ(</strong></span> <span class='ocrx_word' id='word_1_206' title='bbox 314 2022 528 2087; x_wconf 70' lang='lat' dir='ltr'><strong>Ligures,</strong></span> <span class='ocrx_word' id='word_1_207' title='bbox 579 2021 699 2070; x_wconf 86' lang='lat' dir='ltr'><strong>Mox</strong></span> <span class='ocrx_word' id='word_1_208' title='bbox 735 2022 881 2070; x_wconf 87' lang='lat' dir='ltr'><strong>sortiti</strong></span> <span class='ocrx_word' id='word_1_209' title='bbox 932 2037 1158 2086; x_wconf 49' lang='lat' dir='ltr'><strong>praetores</strong></span> <span class='ocrx_word' id='word_1_210' title='bbox 1184 2058 1198 2080; x_wconf 86' lang='lat'>‚</span> <span class='ocrx_word' id='word_1_211' title='bbox 1235 2019 1298 2069; x_wconf 85' lang='lat' dir='ltr'><strong>C.</strong></span> <span class='ocrx_word' id='word_1_212' title='bbox 1327 2004 1504 2098; x_wconf 58' lang='lat' dir='ltr'><strong>&#39;S‘D&#39;‘D‘g·</strong></span> 
     </span>
     <span class='ocr_line' id='line_1_30' title="bbox 34 2080 1510 2161; baseline -0.001 -24"><span class='ocrx_word' id='word_1_213' title='bbox 34 2086 213 2137; x_wconf 82' lang='lat' dir='ltr'><strong>Caffius</strong></span> <span class='ocrx_word' id='word_1_214' title='bbox 233 2085 475 2156; x_wconf 76' lang='lat' dir='ltr'><strong>Longinus</strong></span> <span class='ocrx_word' id='word_1_215' title='bbox 502 2089 731 2137; x_wconf 81' lang='lat' dir='ltr'><strong>urbanam</strong></span> <span class='ocrx_word' id='word_1_216' title='bbox 762 2088 1132 2152; x_wconf 64' lang='lat' dir='ltr'><strong>jurisdiclionem</strong></span> <span class='ocrx_word' id='word_1_217' title='bbox 1165 2090 1300 2137; x_wconf 85' lang='lat' dir='ltr'><strong>obti-</strong></span> <span class='ocrx_word' id='word_1_218' title='bbox 1315 2086 1454 2158; x_wconf 47' lang='lat' dir='ltr'>stussn&#39;ic&#39;,</span> <span class='ocrx_word' id='word_1_219' title='bbox 1479 2080 1510 2161; x_wconf 52' lang='lat'><strong>,-</strong></span> 
     </span>
     <span class='ocr_line' id='line_1_31' title="bbox 33 2155 1494 2232; baseline 0.001 -27"><span class='ocrx_word' id='word_1_220' title='bbox 33 2159 162 2217; x_wconf 84' lang='lat' dir='ltr'><strong>nuit‚</strong></span> <span class='ocrx_word' id='word_1_221' title='bbox 202 2156 255 2205; x_wconf 89' lang='lat' dir='ltr'><strong>L.</strong></span> <span class='ocrx_word' id='word_1_222' title='bbox 290 2155 549 2206; x_wconf 85' lang='lat' dir='ltr'><strong>Cornelius</strong></span> <span class='ocrx_word' id='word_1_223' title='bbox 580 2156 691 2223; x_wconf 75' lang='lat' dir='ltr'><strong>Sci]</strong></span> <span class='ocrx_word' id='word_1_224' title='bbox 727 2161 807 2223; x_wconf 90' lang='lat' dir='ltr'><strong>pio</strong></span> <span class='ocrx_word' id='word_1_225' title='bbox 848 2160 970 2206; x_wconf 89' lang='lat' dir='ltr'><strong>inter</strong></span> <span class='ocrx_word' id='word_1_226' title='bbox 1004 2159 1370 2232; x_wconf 47' lang='lat' dir='ltr'><strong>peregrinoqu·</strong></span> <span class='ocrx_word' id='word_1_227' title='bbox 1399 2180 1494 2218; x_wconf 77' lang='lat' dir='ltr'><strong>Mu·</strong></span> 
     </span>
     <span class='ocr_line' id='line_1_32' title="bbox 24 2222 1510 2291; baseline 0 -19"><span class='ocrx_word' id='word_1_228' title='bbox 24 2222 110 2273; x_wconf 76' lang='grc' dir='ltr'><strong>’Μ.</strong></span> <span class='ocrx_word' id='word_1_229' title='bbox 146 2225 297 2274; x_wconf 78' lang='lat' dir='ltr'><strong>Atilio</strong></span> <span class='ocrx_word' id='word_1_230' title='bbox 329 2228 516 2291; x_wconf 87' lang='lat' dir='ltr'><strong>praetori</strong></span> <span class='ocrx_word' id='word_1_231' title='bbox 549 2229 796 2290; x_wconf 85' lang='lat' dir='ltr'><strong>provincia</strong></span> <span class='ocrx_word' id='word_1_232' title='bbox 831 2224 1045 2275; x_wconf 86' lang='lat' dir='ltr'><strong>Sardinia</strong></span> <span class='ocrx_word' id='word_1_233' title='bbox 1085 2227 1379 2282; x_wconf 73' lang='lat' dir='ltr'><strong>obvene·c50</strong></span> <span class='ocrx_word' id='word_1_234' title='bbox 1399 2238 1510 2281; x_wconf 62' lang='lat' dir='ltr'><strong>Com</strong></span> 
     </span>
     <span class='ocr_line' id='line_1_33' title="bbox 0 2292 1515 2360; baseline 0.001 -21"><span class='ocrx_word' id='word_1_235' title='bbox 0 2351 1 2355; x_wconf 10' lang='grc' dir='ltr'><strong>Ἰ</strong></span> <span class='ocrx_word' id='word_1_236' title='bbox 37 2306 107 2340; x_wconf 77' lang='lat' dir='ltr'><strong>rat</strong></span> <span class='ocrx_word' id='word_1_237' title='bbox 141 2309 151 2339; x_wconf 92' lang='lat'>:</span> <span class='ocrx_word' id='word_1_238' title='bbox 187 2292 266 2340; x_wconf 88' lang='lat' dir='ltr'><strong>sed</strong></span> <span class='ocrx_word' id='word_1_239' title='bbox 300 2310 405 2341; x_wconf 84' lang='lat' dir='ltr'><strong>cum</strong></span> <span class='ocrx_word' id='word_1_240' title='bbox 443 2294 636 2360; x_wconf 82' lang='lat' dir='ltr'><strong>legione</strong></span> <span class='ocrx_word' id='word_1_241' title='bbox 683 2311 849 2352; x_wconf 84' lang='lat' dir='ltr'><strong>nova,</strong></span> <span class='ocrx_word' id='word_1_242' title='bbox 900 2311 1041 2358; x_wconf 86' lang='lat' dir='ltr'><strong>quam</strong></span> <span class='ocrx_word' id='word_1_243' title='bbox 1087 2293 1304 2341; x_wconf 87' lang='lat' dir='ltr'><strong>consules</strong></span> <span class='ocrx_word' id='word_1_244' title='bbox 1346 2301 1515 2343; x_wconf 63' lang='lat' dir='ltr'><strong>Provim</strong></span> 
     </span>
     <span class='ocr_line' id='line_1_34' title="bbox 0 2358 1402 2428; baseline -0.001 -20"><span class='ocrx_word' id='word_1_245' title='bbox 0 2358 410 2426; x_wconf 58' lang='lat' dir='ltr'><strong>&#39;conscripserant</strong></span> <span class='ocrx_word' id='word_1_246' title='bbox 433 2398 446 2420; x_wconf 88' lang='lat'><strong>‚</strong></span> <span class='ocrx_word' id='word_1_247' title='bbox 473 2363 681 2428; x_wconf 83' lang='lat' dir='ltr'><strong>quinque</strong></span> <span class='ocrx_word' id='word_1_248' title='bbox 705 2363 911 2410; x_wconf 84' lang='lat' dir='ltr'><strong>millibus</strong></span> <span class='ocrx_word' id='word_1_249' title='bbox 932 2361 1148 2428; x_wconf 86' lang='lat' dir='ltr'><strong>peditum</strong></span> <span class='ocrx_word' id='word_1_250' title='bbox 1172 2398 1185 2419; x_wconf 80' lang='lat'><strong>‚</strong></span> <span class='ocrx_word' id='word_1_251' title='bbox 1215 2365 1402 2409; x_wconf 67' lang='lat' dir='ltr'><strong>tre-eice.</strong></span> 
     </span>
    </p>
   </div>
   <div class='ocr_carea' id='block_1_3' title="bbox 0 2464 1315 2642">
    <p class='ocr_par' dir='ltr' id='par_1_13' title="bbox 0 2464 1315 2642">
     <span class='ocr_line' id='line_1_35' title="bbox 106 2464 1312 2520; baseline -0.002 -15"><span class='ocrx_word' id='word_1_252' title='bbox 106 2477 121 2505; x_wconf 80' lang='lat'>1</span> <span class='ocrx_word' id='word_1_253' title='bbox 150 2465 197 2505; x_wconf 89' lang='lat' dir='ltr'><strong>L.</strong></span> <span class='ocrx_word' id='word_1_254' title='bbox 237 2466 457 2506; x_wconf 76' lang='lat' dir='ltr'><strong>Cornelium</strong></span> <span class='ocrx_word' id='word_1_255' title='bbox 483 2466 643 2520; x_wconf 79' lang='lat' dir='ltr'><strong>Scipio·</strong></span> <span class='ocrx_word' id='word_1_256' title='bbox 707 2466 868 2504; x_wconf 79' lang='lat' dir='ltr'><strong>fratrem</strong></span> <span class='ocrx_word' id='word_1_257' title='bbox 903 2464 1038 2502; x_wconf 71' lang='lat' dir='ltr'><strong>habuit</strong></span> <span class='ocrx_word' id='word_1_258' title='bbox 1057 2491 1068 2509; x_wconf 94' lang='lat'>,</span> <span class='ocrx_word' id='word_1_259' title='bbox 1101 2473 1194 2501; x_wconf 82' lang='lat' dir='ltr'><strong>natu</strong></span> <span class='ocrx_word' id='word_1_260' title='bbox 1213 2491 1225 2507; x_wconf 93' lang='lat'>‚</span> <span class='ocrx_word' id='word_1_261' title='bbox 1266 2473 1312 2503; x_wconf 86' lang='lat' dir='ltr'><strong>ut</strong></span> 
     </span>
     <span class='ocr_line' id='line_1_36' title="bbox 44 2523 1313 2580; baseline -0.002 -15"><span class='ocrx_word' id='word_1_262' title='bbox 44 2539 153 2571; x_wconf 81' lang='lat' dir='ltr'><strong>nem,</strong></span> <span class='ocrx_word' id='word_1_263' title='bbox 176 2526 258 2580; x_wconf 80' lang='lat' dir='ltr'><strong>five</strong></span> <span class='ocrx_word' id='word_1_264' title='bbox 289 2528 320 2566; x_wconf 82' lang='lat' dir='ltr'><strong>is</strong></span> <span class='ocrx_word' id='word_1_265' title='bbox 349 2530 480 2568; x_wconf 76' lang='lat' dir='ltr'><strong>Cnaeus</strong></span> <span class='ocrx_word' id='word_1_266' title='bbox 505 2526 586 2580; x_wconf 77' lang='lat' dir='ltr'><strong>fuit</strong></span> <span class='ocrx_word' id='word_1_267' title='bbox 623 2527 641 2579; x_wconf 89' lang='lat'>]</span> <span class='ocrx_word' id='word_1_268' title='bbox 708 2527 867 2566; x_wconf 82' lang='lat' dir='ltr'><strong>videtur</strong></span> <span class='ocrx_word' id='word_1_269' title='bbox 886 2556 897 2576; x_wconf 81' lang='lat'>‚</span> <span class='ocrx_word' id='word_1_270' title='bbox 918 2524 1134 2576; x_wconf 78' lang='lat' dir='ltr'><strong>majorem,</strong></span> <span class='ocrx_word' id='word_1_271' title='bbox 1157 2524 1201 2563; x_wconf 89' lang='lat' dir='ltr'><strong>P.</strong></span> <span class='ocrx_word' id='word_1_272' title='bbox 1223 2523 1313 2563; x_wconf 86' lang='lat' dir='ltr'><strong>Sci-</strong></span> 
     </span>
     <span class='ocr_line' id='line_1_37' title="bbox 0 2573 1315 2642; baseline 0.002 -19"><span class='ocrx_word' id='word_1_273' title='bbox 0 2578 3 2624; x_wconf 72' lang='grc' dir='ltr'>ἷ</span> <span class='ocrx_word' id='word_1_274' title='bbox 46 2585 122 2626; x_wconf 77' lang='lat' dir='ltr'><strong>Hic</strong></span> <span class='ocrx_word' id='word_1_275' title='bbox 151 2589 325 2628; x_wconf 82' lang='lat' dir='ltr'><strong>Africani</strong></span> <span class='ocrx_word' id='word_1_276' title='bbox 356 2588 489 2636; x_wconf 81' lang='lat' dir='ltr'><strong>filius,</strong></span> <span class='ocrx_word' id='word_1_277' title='bbox 532 2589 647 2627; x_wconf 88' lang='lat' dir='ltr'><strong>nobi·</strong></span> <span class='ocrx_word' id='word_1_278' title='bbox 709 2573 902 2642; x_wconf 56' lang='lat' dir='ltr'><strong>piongra„</strong></span> <span class='ocrx_word' id='word_1_279' title='bbox 960 2586 1007 2625; x_wconf 88' lang='lat' dir='ltr'><strong>de</strong></span> <span class='ocrx_word' id='word_1_280' title='bbox 1041 2599 1120 2638; x_wconf 85' lang='lat' dir='ltr'><strong>quo</strong></span> <span class='ocrx_word' id='word_1_281' title='bbox 1162 2586 1315 2627; x_wconf 88' lang='lat' dir='ltr'><strong>mentio</strong></span> 
     </span>
    </p>
   </div>
   <div class='ocr_carea' id='block_1_4' title="bbox 0 2645 1280 2701">
    <p class='ocr_par' dir='ltr' id='par_1_14' title="bbox 0 2645 1280 2701">
     <span class='ocr_line' id='line_1_38' title="bbox 0 2645 1280 2701; baseline -0.004 -8"><span class='ocrx_word' id='word_1_282' title='bbox 0 2683 2 2686; x_wconf 47' lang='lat'>&gt;</span> <span class='ocrx_word' id='word_1_283' title='bbox 43 2645 169 2693; x_wconf 66' lang='lat' dir='ltr'><strong>-nffimi</strong></span> <span class='ocrx_word' id='word_1_284' title='bbox 210 2650 381 2693; x_wconf 84' lang='lat' dir='ltr'><strong>nominis</strong></span> <span class='ocrx_word' id='word_1_285' title='bbox 427 2651 604 2693; x_wconf 83' lang='lat' dir='ltr'><strong>dedecus</strong></span> <span class='ocrx_word' id='word_1_286' title='bbox 631 2677 645 2699; x_wconf 88' lang='lat'><em>‚</em></span> <span class='ocrx_word' id='word_1_287' title='bbox 712 2649 811 2691; x_wconf 65' lang='lat' dir='ltr'><strong>facia</strong></span> <span class='ocrx_word' id='word_1_288' title='bbox 843 2661 864 2688; x_wconf 89' lang='lat' dir='ltr'><strong>e</strong></span> <span class='ocrx_word' id='word_1_289' title='bbox 931 2647 1045 2701; x_wconf 78' lang='lat' dir='ltr'><strong>supra</strong></span> <span class='ocrx_word' id='word_1_290' title='bbox 1074 2645 1175 2696; x_wconf 85' lang='lat' dir='ltr'><strong>XL,</strong></span> <span class='ocrx_word' id='word_1_291' title='bbox 1201 2658 1280 2698; x_wconf 81' lang='lat'><strong>42·</strong></span> 
     </span>
    </p>
   </div>
   <div class='ocr_carea' id='block_1_5' title="bbox 0 0 40 2836">
    <p class='ocr_par' dir='ltr' id='par_1_15' title="bbox 0 0 40 2836">
     <span class='ocr_line' id='line_1_39' title="bbox 0 0 40 2836; baseline 0 0"><span class='ocrx_word' id='word_1_292' title='bbox 0 0 40 2836; x_wconf 95' lang='lat' dir='ltr'><strong> </strong></span> 
     </span>
    </p>
   </div>
  </div>
 </body>
</html>
