1670 3068
265 100 620 156 Lrssr-:R
716 98 1043 156 XLI-II.
1172 114 1281 179 335

22 183 226 231 daturum
270 198 446 245 operam
486 181 554 227 uti
587 176 805 242 stitisfiat.
857 177 962 226 Nec
1005 178 1284 244 responderi
1301 191 1489 242 U.c.582·

20 250 200 299 tantum
227 248 282 295 iis
303 247 524 312 gentibus
543 284 557 306 ,
587 245 668 294 sed
688 246 876 313 legatos
898 247 1051 305 mitti,
1087 248 1206 295 duos
1225 249 1286 296 ad
1302 248 1490 298 'QG-170·

23 316 236 379 regulum
265 328 390 361 trans
427 315 576 379 Alpes
607 352 620 373 ‚
666 329 761 362 tres
798 316 920 362 circa
957 331 1042 361 eos
1079 315 1289 379 populos

18 384 196 450 ,placuit
219 420 231 439 ‚
274 383 354 447 qui
386 381 652 430 indica-rent
689 399 793 447 quae
836 380 1025 429 Parrum
1056 379 1290 430 sententia

21 449 151 500 esset.
184 450 389 497 Munera
420 452 542 498 mitti
573 450 737 515 legatis
767 466 827 498 ex
869 465 886 494 1
927 449 1050 496 binis
1079 449 1290 498 millibus

23 521 123 568 aeris
152 516 467 573 censuerunt3
512 517 699 564 duobus
733 515 952 564 fratribus
985 517 1159 582 regulis
1190 518 1293 564 haec

8 587 259 654 praecipua
286 622 302 643 ‚
335 598 533 649 torques
573 584 669 631 duo
713 601 739 632 2
775 602 834 633 ex
865 586 1073 650 quinque
1120 585 1292 650 pondo

24 654 120 704 auri
140 651 245 700 faeii
266 690 280 710 ‚
312 652 365 699 &
392 667 413 715 3
437 651 546 699 vasa
572 666 795 717 argentea
817 655 1027 717 quinque
1052 668 1110 699 ex
1129 653 1297 719 viginti

30 719 195 787 pondo
221 757 234 778 ,
274 719 323 767 δέ
356 718 454 767 duo
474 722 583 785 equi
610 719 967 784 phaleraticum
985 715 1299 784 agasonibus}

29 790 80 838 &
96 786 324 853 equestria
345 805 474 835 arma
493 805 547 835 ac
563 786 718 852 sagula
739 824 753 846 ‚
785 787 834 835 &
851 789 1104 835 comitibus
1126 804 1298 836 eorum

29 854 308 906 vestimenta
341 855 500 903 liberis
540 854 816 920 servisque,
855 854 954 903 haec
999 852 1129 902 missa
1164 872 1175 902 :
1220 855 1302 903 illa

34 923 305 990 petentibus
326 922 434 971 data
450 961 465 985 ‚
501 937 551 971 ut
571 923 805 970 denorum
829 938 1065 988 equorum
1089 923 1143 969 iis
1161 940 1300 970 com-

34 993 262 1041 mercium
297 987 443 1051 effet‚
477 990 812 1056 educendique
842 1007 900 1038 ex
931 988 1062 1038 Italia
1095 988 1304 1054 potestas

33 1057 164 1111 fieret
186 1076 200 1117 3
220 1059 378 1124 ‘legati
401 1075 510 1106 cum
533 1056 687 1107 Gallis
718 1055 838 1105 miffi
870 1073 996 1105 trans
1024 1058 1207 1123 AlpeS‚
1240 1056 1304 1107 C.

33 1125 234 1185 Laelius‚
271 1125 343 1174 M.
369 1126 584 1175 AEmilius
618 1125 862 1191 Lepidus:
900 1125 959 1173 ad
995 1141 1183 1174 ceteros
1216 1144 1307 1191 po-

35 1194 172 1261 pulos
220 1192 280 1242 C.
319 1193 519 1242 Sicmius
546 1231 560 1253 ‚
612 1192 662 1242 P.
698 1191 954 1242 Cornelius
1004 1192 1160 1243 Blasio
1185 1231 1199 1254 ,
1240 1192 1304 1243 T.

35 1261 317 1313 Memmius,

107 1328 196 1377 VI.
231 1327 492 1376 Multarum
521 1326 656 1376 fimul
686 1326 888 1377 Graeciae
927 1326 1148 1394 Afiaeque
1186 1329 1311 1376 civi-

40 1412 190 1448 tatum
212 1397 355 1462 legati
372 1394 584 1444 Romam
607 1410 957 1445 convenerunt.
986 1395 1129 1444 Primi
1148 1395 1310 1444 Athe-

38 1464 226 1517 ruienses
260 1462 516 1513 introdufiii
544 1481 555 1511 τ
594 1466 621 1511 ii
643 1463 692 1527 ste
721 1466 843 1529 quod
864 1466 1052 1512 navium
1080 1466 1314 1512 habuerint

45 1534 354 1598 militumque,
394 1533 451 1580 P.
490 1533 674 1580 Licinio
702 1530 908 1594 consuli,
947 1532 991 1579 ἃ
1027 1533 1073 1580 C.
1105 1534 1311 1580 Lucretio

39 1603 215 1668 praetori
246 1597 400 1663 mistffe
419 1598 741 1664 exposuerunt
757 1636 771 1657 ‚
799 1600 959 1664 quibus
979 1618 1052 1646 eos
1071 1617 1161 1647 norz
1182 1598 1313 1662 usos,

53 1686 84 1728 4
110 1667 326 1734 frumenti
347 1667 436 1729 fibi
469 1682 640 1714 centum
673 1668 821 1714 milli.z
858 1665 1083 1732 imperaſj'e
1111 1687 1124 1715 :
1157 1670 1314 1732 quod,

56 1754 324 1801 quamquam
350 1735 539 1800 sterilem
569 1749 722 1782 terram
756 1748 879 1781 arent
899 1772 916 1792 ‚
952 1733 1150 1800 ipfhſsque
1182 1736 1316 1782 etiam

54 1805 235 1870 agrestes
270 1804 493 1868 peregrino
530 1800 753 1867 frumento
792 1802 959 1849 alerent
985 1841 1002 1861 ‚
1040 1817 1188 1850 tamen
1211 1840 1228 1860 ,
1263 1821 1318 1850 ne

57 1869 243 1935 defftzt
265 1870 412 1937 officio
432 1908 449 1928 ‚
479 1867 710 1934 confeciſj'e
729 1889 742 1917 .·
763 1870 818 1917 2&
852 1870 951 1916 alia
966 1907 983 1927 ,
1011 1888 1107 1934 quae
1135 1872 1322 1936 impera-

58 1953 238 1995 rentur,
259 1939 459 2004 praestare
474 1952 664 2002 paratos
688 1935 782 2001 ff.
839 1935 1014 1985 Milesii
1046 1937 1161 1985 nihil
1199 1955 1324 2003 prae-
1404 1962 1515 2003 Tm,

53 2003 210 2054 ·stitiffe
232 2018 555 2054 memorantes
577 2043 591 2062 ‚
624 2004 656 2052 s1
676 2005 788 2069 quid
807 2005 1044 2070 imperare
1063 2005 1123 2052 ad
1146 2005 1443 2081 bellumpgum

59 2070 243 2122 senatus
265 2073 410 2121 vellet
432 2110 446 2132 ‚
477 2071 699 2138 praestare
721 2072 766 2120 se
791 2088 982 2137 paratos
1009 2071 1103 2121 effe
1127 2073 1326 2138 polliciti
1345 2086 1462 2127 Urbis

61 2138 183 2190 sunt.
229 2139 589 2189 Alabandenses
631 2141 869 2206 templum
904 2140 1049 2190 Urbis
1078 2140 1249 2190 Romae
1283 2140 1327 2190 se
1343 2149 1489 2190 Romae.

129 2276 148 2305 1
180 2264 295 2304 Binis
327 2263 500 2304 millibus
530 2264 615 2304 aeris
648 2265 665 2318 J
732 2278 781 2304 ex
801 2264 941 2320 viginti
958 2265 1116 2319 pondo]
1138 2264 1197 2305 Ex
1226 2279 1333 2304 mar-

65 2325 216 2367 Marcis
250 2327 405 2381 argenti
434 2326 670 2366 nostratibus
734 2327 789 2366 cis
806 2325 1037 2366 nostratibus
1055 2336 1101 2377 31
1125 2327 1272 2373 ,unciis
1291 2340 1331 2367 2.

69 2398 91 2440 3
117 2416 128 2435 ,
156 2402 271 2427 uncia
305 2400 341 2426 1.
795 2403 820 2436 4
870 2387 1134 2428 farnach...
1186 2400 1336 2426 centum

135 2461 157 2488 2
176 2448 242 2488 Ex
261 2449 423 2502 quinque
453 2450 584 2502 pondo
600 2464 669 2487 au·
733 2449 894 2501 millia]
927 2450 1076 2503 Supple
1096 2477 1106 2497 ‚
1146 2449 1336 2488 modium.

70 2509 129 2562 ri]
152 2510 317 2562 Septem
333 2510 474 2549 marcis
491 2510 674 2549 nostrati·
736 2510 904 2550 Modios
965 2509 1196 2552 parisienses
1250 2509 1338 2550 fer'e

74 2571 170 2618 bus,
189 2571 314 2610 unciis
334 2571 358 2610 6
379 2599 389 2617 ‚
413 2570 609 2612 semuncia
633 2583 671 2610 1.
738 2571 897 2623 77084·

139 2642 159 2684 3
183 2629 289 2687 Vasa
306 2645 489 2688 argentea
512 2632 673 2688 quinque
