1670 3068
271 108 627 165 LIABER
712 102 1075 162 XXXEX.
1242 126 1320 186 49

42 182 333 252 Calpurnius
373 201 547 252 praetor
581 183 738 244 vidit,
774 183 836 233 T.
876 183 1170 248 Quintilium
1212 188 1320 238 Va·
1337 203 1526 257 U,c‘5r‚7‚

46 271 150 302 rum
167 292 179 313 ‚
202 255 254 303 L.
279 255 560 311 juventium
580 248 821 299 Thalnam
842 252 1058 319 legatos,
1083 254 1142 300 ad
1167 255 1318 321 singu·
1340 260 1525 311 ιι.(,“.185.

47 323 114 370 las
157 322 375 390 legiones
407 320 728 369 adhortandas
766 338 974 385 propere
1010 323 1172 369 mittit.
1216 323 1325 372 Do-

51 406 160 438 cere
184 393 233 439 &
267 406 465 438 monere
500 388 662 451 jubet,
690 388 744 436 In
780 388 877 435 illis
897 387 1021 453 spem
1044 406 1213 437 omnem
1231 393 1327 439 vitz-

51 460 180 504 cerza'i
216 458 260 506 δ’
291 459 523 505 retinendae
553 456 796 521 Hispaniae
825 453 919 517 effi.
952 458 1004 503 Si
1028 456 1101 504 illi
1133 457 1229 503 loco
1258 476 1328 504 ce-

55 527 168 573 dant
187 562 205 583 ,
231 528 446 573 neminem
474 522 569 589 ejus
587 524 805 571 exercitas
832 543 921 571 mm
945 526 1074 571 mod&
1103 525 1290 572 Italiam
1308 562 1327 583 ‚

40 591 129 656 sed
153 611 208 640 ne
248 595 362 659 Tagi
398 594 572 657 quitz'em
620 591 862 638 ulteriorem
903 593 1045 656 ripam
1063 630 1080 650 ,
1117 610 1329 656 umquam

55 658 265 723 wstmzm.
301 660 400 725 lpse
430 677 537 706 cum
576 660 812 722 equitibus
849 658 1048 705 duarum
1081 660 1332 724 legionum

55 729 297 792 paululum
338 723 709 783 circumvthus‚
740 726 789 771 in
835 742 1040 772 cuneum
1087 726 1290 774 hostium
1315 763 1332 788 ‚

56 797 138 861 qui
170 794 375 843 mediam
404 793 604 859 urgebat
635 794 789 840 aciem
810 829 824 850 ‚
858 794 916 840 ab
940 793 1088 842 latere
1119 796 1335 844 incurrit.

60 879 88 910 2
125 861 354 927 Quintius
377 899 390 921 ,
425 878 532 908 curn
564 859 650 908 suis
689 861 952 927 equitibus,
994 863 1197 910 alterum
1237 863 1334 911 ho-

55 929 193 978 stium
223 930 343 978 latus
378 928 560 977 invadit
589 944 600 975 t
632 926 712 976 sed
752 929 896 996 longe
940 932 1088 978 acrius
1128 929 1338 996 Caipur-

56 999 183 1046 niani
216 1000 400 1063 equites
435 997 746 1063 pugnabant,
787 996 838 1043 &
878 1010 1053 1063 praetor
1087 998 1185 1062 ipse
1225 1012 1339 1047 ante

57 1066 176 1114 alios
210 1081 224 1124 ;
256 1083 368 1113 nam
393 1065 444 1112 ὃ(
480 1067 659 1130 primus
690 1062 875 1112 hostem
911 1064 1164 1130 percussit,
1200 1067 1339 1115 &ita

57 1131 104 1181 se
133 1134 384 1181 immiscuit
418 1134 589 1181 mediis
613 1169 627 1191 ‚
654 1149 705 1181 ut
744 1134 860 1192 vix,
896 1134 1043 1181 utrius
1078 1135 1222 1198 partis
1259 1132 1342 1182 es-

59 1200 167 1261 set,
201 1201 330 1250 nosci
360 1199 532 1267 posset.
567 1198 627 1249 Et
676 1202 863 1265 equites
902 1204 1119 1266 praetoris
1164 1200 1341 1250 eximi-‘2⁴1

59 1271 271 1328 virtute,
310 1270 361 1317 &
397 1271 612 1335 equitum
647 1268 835 1333 pedites
876 1269 1057 1317 accensi
1091 1271 1210 1319 sunt.
1250 1269 1341 1317 Pu-

62 1334 154 1385 dor
188 1338 343 1386 movit
369 1339 550 1402 primos
593 1338 931 1395 centurione5‚
967 1339 1048 1402 qui
1079 1339 1202 1386 inter
1244 1337 1340 1388 tela

57 1404 264 1453 hostium
295 1420 551 1471 praetorem
583 1404 952 1469 conspexerunt.
980 1405 1145 1470 Itaque
1166 1422 1339 1473 urgere
1370 1418 1550 1462 Vinum-⁴

59 1471 311 1539 figniferos
346 1492 436 1539 pro
484 1471 528 1521 se
567 1475 759 1538 quisque
791 1509 806 1529 ,
849 1470 1016 1534 jubere
1058 1473 1236 1521 inferre
1278 1472 1419 1523 fi-tur
1443 1482 1537 1538 His-

64 1558 157 1607 gna
177 1579 192 1600 ,
219 1542 269 1589 &
299 1540 549 1589 confestim
576 1541 777 1587 militem
802 1539 945 1610 sequi.
974 1540 1259 1589 Renovatur
1279 1541 1465 1599 abpani.

65 1610 291 1657 omnibus
311 1609 493 1656 clamor
515 1625 528 1665 3
554 1609 762 1672 impetus
781 1606 833 1654 fit
855 1610 987 1656 veiut
1008 1625 1066 1656 ex
1098 1609 1342 1674 superiore

53 1676 196 1727 eloco.
242 1675 384 1723 Haud
422 1676 550 1723 secus
589 1692 706 1739 ergo
751 1673 894 1740 quam
925 1679 1151 1724 torrentis
1187 1679 1344 1726 modo

67 1743 274 1792 fundunt
305 1742 609 1807 sternuntque
640 1741 877 1807 perculsos
899 1779 912 1801 ‚
948 1758 969 1808 3
1004 1761 1092 1792 nec
1123 1744 1349 1795 sustinere

66 1813 143 1859 alii
178 1812 313 1876 super
341 1812 459 1859 alios
489 1810 753 1859 inferentes
783 1809 878 1858 sese
902 1810 1107 1875 possunt.
1138 1812 1351 1879 Fugien-

67 1893 142 1928 tes
180 1881 227 1926 in
256 1878 402 1926 castra
445 1881 629 1940 equites
659 1877 927 1943 persequuti
963 1878 1067 1928 sunt
1092 1917 1106 1940 ‚
1149 1880 1201 1929 ὅ(
1237 1898 1351 1946 per·

69 1945 192 1995 misti
238 1948 384 1995 turbae
419 1945 623 1994 hostium
676 1947 793 1993 intra
836 1946 1015 1994 vallum
1063 1965 1354 2012 penetrave-

69 2030 208 2074 runt3
231 2015 310 2063 ubi
334 2013 392 2063 ab
420 2015 588 2063 reliftis
615 2016 662 2062 in
694 2013 911 2081 pra-sidio
937 2013 1198 2065 castrorum
1228 2034 1353 2083 prae-

132 2151 159 2178 2
184 2137 368 2196 Quintius
385 2154 466 2179 ctam
476 2136 558 2193 suis
576 2137 676 2193 equi·
742 2139 1008 2192 desumpserat
1027 2173 1039 2191 ,
1066 2155 1184 2195 quum
1223 2141 1353 2197 legio-

73 2199 176 2239 tibus
212 2210 220 2252 j
268 2199 441 2250 Quinam
486 2201 572 2240 sunt
622 2200 677 2239 illi
741 2203 872 2240 narius
891 2202 1046 2256 equites
1075 2203 1162 2253 ejus
1193 2205 1354 2259 collega

77 2262 235 2314 equites
287 2262 437 2314 proprii
480 2261 638 2313 Quintii
665 2290 677 2305 ,
742 2263 781 2301 in
808 2263 938 2302 hostes
967 2264 1150 2304 duceret.
1171 2265 1355 2316 Optare-

75 2337 195 2376 qut.m
256 2322 416 2362 duarum
478 2324 679 2379 legionum
744 2338 829 2362 mus
851 2352 862 2370 ,
898 2337 940 2363 ut
992 2323 1134 2366 clarius
1176 2337 1355 2368 mentem

75 2384 235 2437 equites
262 2381 501 2436 Calpurnius
533 2385 680 2424 duxisse
745 2385 849 2425 suam
873 2386 1085 2438 aperuisset
1109 2387 1258 2427 Livius.

75 2445 115 2485 in
153 2444 301 2484 hostem
337 2445 448 2497 supra
483 2446 635 2485 dicatur
666 2445 681 2483 ?
812 2444 1134 2499 3Necsustinere
1154 2445 1359 2503 aliisuper

75 2506 157 2547 Alii
184 2519 265 2546 non
295 2506 483 2546 videntur
515 2508 685 2561 intelligi
747 2507 881 2562 alios]
909 2508 1017 2563 Lege
1038 2509 1114 2548 fine
1139 2510 1215 2547 uua
1239 2509 1357 2549 dubi-

75 2566 184 2621 poffe
219 2571 334 2620 quam
366 2568 520 2621 equites
554 2567 680 2609 socii:
747 2567 1358 2627 tatione,necsustineri...pofi

79 2642 180 2684 quos
216 2627 280 2667 fibi
320 2643 463 2684 nempe
494 2629 686 2683 Quintius
742 2627 864 2686 sunt,
893 2645 1036 2686 nempe
1073 2631 1261 2674 Romani.

148 2690 274 2738 Tom.
303 2688 390 2740 IV.
1036 2686 1082 2740 C
