1670 3068
407 109 767 167 LrssER
857 106 1084 165 XLV.
1252 107 1367 186 ὥς

94 187 148 239 8(
182 188 280 256 ipse
306 227 320 250 ‚
367 189 569 239 navibus
601 187 879 254 exspeRatis
908 188 1078 254 quibus
1111 186 1214 235 usus
1258 188 1366 235 Ma:
1388 202 1575 246 [kt-«933

98 258 361 308 cedonicus
404 259 640 307 exercitus
683 271 819 317 erat,
853 257 900 303 in
944 254 1129 302 Italiam
1168 252 1368 317 trajecit.
1387 258 1574 305 ‘mh-³7·

96 324 266 390 Quum
295 327 395 373 haec
425 328 472 373 in
501 325 792 372 Macedonia
826 323 1069 389 Epiroque
1089 322 1216 387 gesta
1239 324 1369 383 lunt,

94 393 240 459 legati
269 396 349 458 qui
378 410 486 441 cum
512 392 680 440 Attalo
705 392 764 439 ad
786 390 1048 440 finiendum
1085 391 1263 438 bellum
1298 394 1368 437 in-

94 474 169 509 ter
199 459 370 510 Gallos
404 461 455 509 &
482 476 649 526 regem
678 458 948 508 Eumenem
980 455 1099 506 miffi
1122 474 1256 506 erant
1279 495 1291 516 ,
1322 462 1370 507 in

94 527 261 576 Asiam
295 542 636 594 pervenerunt.
674 526 882 575 Induciis
917 542 1003 593 per
1038 527 1250 574 hiemem
1293 526 1368 573 fa—

98 594 180 644 &is
197 634 211 656 ‚
247 596 296 644 ὃ(
318 595 449 644 Galli
479 596 655 644 domos
683 595 897 643 abierant
922 633 935 655 ‚
967 595 1017 642 &L
1040 611 1123 641 rex
1142 596 1189 641 in
1212 592 1370 641 hiber-

97 681 159 711 na
205 663 493 713 concesserat
536 662 819 730 Pergamum
855 701 868 721 ‚
921 663 1152 728 gravique
1196 661 1370 710 morbo

95 749 221 799 aeger
249 732 420 780 fuerat.
451 747 481 793 7
518 730 622 779 Ver
652 732 856 795 primum
886 746 945 778 ex
974 729 1125 777 domo
1162 732 1367 778 excivit:

93 796 288 864 jamque
312 798 542 865 Synnada
566 810 887 863 pervenerant
910 834 924 857 ‚
959 814 1104 863 quum
1127 795 1372 845 Eumenes

95 867 157 915 ad
190 865 362 916 Sardes
396 868 608 932 undique
647 867 909 915 exercitum
945 879 1261 912 contraxerat.
1301 863 1373 912 lbi

99 934 155 983 &
176 934 385 984 Romani
409 934 731 984 Solovettium
767 934 938 981 ducem
960 931 1216 981 Gallorum
1247 931 1375 997 Syn·

93 1002 229 1050 nadis
260 1004 490 1070 alloquuti
511 1039 524 1062 ‚
559 1002 612 1050 &
648 998 838 1050 Attalus
868 1019 976 1049 cum
995 1001 1060 1049 eis
1089 1000 1330 1066 profechis
1364 1017 1376 1048 :

93 1069 178 1118 sed
208 1069 352 1119 castra
387 1069 644 1118 Gallorum
682 1072 860 1118 intrare
892 1086 1002 1117 eum
1034 1086 1134 1116 non
1164 1069 1340 1133 placuit
1360 1106 1376 1128 ‚

94 1154 158 1186 ne
192 1141 336 1187 animi
372 1156 430 1187 ex
456 1137 799 1201 disceptatione
824 1139 1133 1185 irritarentur.
1157 1136 1211 1185 P.
1246 1136 1379 1184 Lici-

96 1208 202 1254 nius
225 1224 335 1254 cum
366 1206 533 1273 regulo
558 1205 815 1254 Gallorum
846 1204 911 1253 est
942 1205 1167 1270 loquutus
1189 1243 1201 1263 ‚
1237 1220 1376 1253 retu-

96 1273 244 1340 litque
280 1274 570 1323 ferociorem
592 1289 704 1321 eum
735 1273 1046 1338 deprecando
1070 1272 1241 1320 factum
1272 1291 1282 1320 τ
1325 1288 1378 1321 ut

95 1343 267 1390 mirum
312 1342 464 1390 videri
510 1339 705 1406 posset,
760 1343 883 1390 inter
922 1341 1184 1408 opulentos
1235 1357 1377 1408 reges

97 1409 398 1459 Antiochum
433 1408 848 1475 Ptolemaeumque
887 1413 1075 1459 tantum
1106 1410 1378 1477 legatorum

97 1477 436 1529 Romanorum
460 1479 608 1527 verba
621 1477 816 1529 valuisse
832 1517 846 1538 ‚
867 1493 917 1527 ut
933 1480 1182 1545 extemplo
1204 1495 1375 1545 pacem

95 1544 347 1607 facerent3
381 1547 507 1612 apud
538 1545 710 1597 Gallos
746 1547 917 1595 nullius
956 1550 1193 1597 momenti
1225 1545 1375 1596 fuisse.

167 1614 384 1676 XXXV.
416 1614 626 1663 Romam
656 1617 865 1681 primum
892 1632 1030 1682 reges
1062 1618 1239 1680 captivi
1260 1614 1378 1662 Pera

95 1681 200 1731 seus
231 1683 286 1741 J&
324 1683 531 1732 Gentius
568 1685 612 1730 in
651 1682 915 1732 custodiam
945 1701 1052 1731 cum
1092 1684 1250 1740 liberis
1288 1684 1377 1730 ab·

99 1750 227 1799 cluffi
250 1769 265 1811 3
295 1751 404 1800 dein
433 1752 569 1799 turba
590 1751 677 1799 alia
708 1754 1008 1817 captivorum
1033 1769 1047 1811 3
1083 1766 1182 1800 tum
1206 1751 1376 1816 quibus

97 1818 431 1868 Macedonum
466 1819 797 1869 denuntiatum
833 1834 934 1868 erat
963 1834 1014 1868 ut
1041 1819 1253 1867 Romam
1285 1838 1378 1868 ve·-

97 1888 256 1936 nirent
279 1925 292 1945 ‚
334 1889 702 1953 principumque
735 1886 936 1936 Graeciae
967 1905 981 1947 3
1022 1906 1133 1936 nam
1173 1889 1218 1935 hi
1250 1906 1379 1954 qim-

99 1971 193 2021 que
231 1973 331 2004 non
380 1955 534 2005 solum
587 1954 843 2021 praesentes
878 1955 1021 2004 exciti
1065 1959 1200 2004 erant.
1229 1994 1245 2015 ,
1293 1955 1378 2004 secl

99 2024 243 2071 etiam
271 2061 284 2082 ,
323 2022 357 2070 fi
390 2025 474 2087 qui
507 2024 632 2088 apud
663 2041 802 2090 reges
827 2022 920 2072 esse
951 2024 1262 2082 dicebantur,
1296 2024 1378 2071 lit-

95 2092 210 2139 teris
240 2089 441 2139 arceffiti
472 2090 592 2140 sunt.
628 2088 816 2140 Paullus
845 2090 944 2157 ipse
981 2090 1087 2157 post
1119 2092 1219 2140 dies
1253 2109 1379 2156 pau-

101 2176 185 2206 cos
221 2160 349 2224 regia
394 2175 513 2208 nave
550 2159 1139 2225 ingentismagnitudinis
1169 2197 1184 2219 ‚
1233 2176 1376 2223 quam

97 2224 340 2274 sexdecim
368 2225 527 2275 versus
552 2244 792 2275 remorum
815 2227 1020 2293 agebant
1041 2265 1054 2287 ‚
1086 2228 1250 2276 ornata
1274 2227 1382 2275 Ma-

101 2294 302 2343 cedonis
326 2293 484 2359 spoliis
505 2312 604 2342 non
620 2293 872 2361 insignium
888 2297 1073 2344 tantum
1096 2312 1339 2343 armorum
1361 2333 1376 2353 ,

99 2361 182 2410 sed
222 2363 365 2410 etiam
397 2365 636 2429 regiorum
674 2363 908 2412 textilium
932 2401 946 2422 ,
979 2362 1180 2412 adverso
1210 2361 1378 2412 Tiberi

100 2430 162 2478 ad
181 2430 350 2478 urbem
373 2428 437 2478 est
457 2426 734 2492 ‘subvectusg
769 2430 1024 2497 completis
1045 2433 1156 2497 ripis
1180 2429 1379 2480 obviam

159 2538 184 2575 7
209 2523 291 2564 Ver
314 2524 476 2578 primum
507 2540 555 2564 ex
589 2525 701 2565 domo
767 2539 857 2565 men
878 2526 1024 2566 clarior
1045 2527 1168 2574 esset,
1191 2526 1215 2565 fx
1235 2541 1374 2566 eorutn

104 2586 283 2634 excivit}
322 2586 425 2625 Satis
469 2586 704 2640 intelligitur
768 2601 914 2627 nomen
953 2588 1098 2627 diserte
1129 2588 1377 2642 exprimere-

96 2648 271 2688 ltaecditi
296 2647 342 2689 de
365 2645 509 2688 Gallis.
533 2648 613 2690 Res
645 2658 704 2689 ta·
769 2660 850 2690 tur.

977 2705 1023 2754 X
1063 2706 1108 2772 iij
