1670 3068
284 95 356 171 38
570 92 1273 154 'T1T1L1V11

68 185 253 238 U.c.567,
278 195 380 225 non
408 174 592 246 negligi
625 177 734 227 satis
776 192 1049 245 appareret.
1089 176 1307 227 Maxime
1338 189 1564 226 moverat

65 243 256 293 ῢ-(Σιῑῧςι
275 244 493 295 senatum
516 285 529 307 ‚
558 247 692 313 quod
721 245 818 310 jam
845 247 957 295 AEni
990 247 1040 294 &
1075 245 1327 295 Maroneae
1356 243 1565 294 affeElari

94 1479 237 1537 Legati

63 1541 196 1582 Roma?

61 1603 161 1658 mtffi
179 1606 236 1645 di·

55 1661 213 1720 scepta-

60 1738 183 1771 tores.

271 313 618 381 posseffionetn
655 316 934 365 audierant:
960 314 1118 363 minus
1141 313 1397 363 Thessalos
1429 332 1566 363 cura·-
1610 339 1615 343 ·

271 384 408 432 bant.
433 385 731 434 Athamanes
755 400 951 450 quoque
982 384 1129 449 legati
1157 396 1427 442 venerunt,
1461 400 1562 430 non

272 454 419 518 patris
448 451 622 500 amiss'ae
641 491 655 513 ,
677 470 779 500 non
806 451 976 500 finium
1001 450 1228 516 jakluram
1262 466 1524 517 querentes
1548 487 1561 509 ,

271 519 355 568 sed
387 534 542 569 totam
581 520 925 570 Athamaniam
946 537 977 580 4
1009 519 1092 567 sub
1132 518 1205 583 jus
1233 518 1562 585 judiciumque

272 590 402 655 regis
431 586 631 638 venisse.
663 603 682 655 5
722 588 782 638 Et
821 588 1179 637 Maronitarum
1211 587 1397 636 exsules
1430 601 1567 637 erant

273 656 430 724 pulsi,
459 658 570 722 quia
607 657 842 706 libertatis
886 656 1074 705 causam
1112 654 1463 715 defendissent,
1505 655 1564 703 ab

271 726 411 792 regio
451 724 670 790 praesidio
705 743 720 785 3
756 728 788 774 ii
815 743 916 774 non
942 725 1234 775 Maroneam
1263 725 1449 784 modo,
1482 722 1564 772 sed

275 797 422 843 etiam
449 794 628 843 AEnum
667 796 714 844 in
754 793 997 862 potestate
1040 794 1321 843 nuntiabant
1357 792 1568 859 Philippi

274 861 387 912 esse.
415 862 671 912 Venerant
697 863 752 912 ὃ(
781 882 808 912 a
842 861 1072 929 Philippo
1094 863 1243 929 legati
1269 862 1329 910 ad
1357 879 1568 928 purgan-

275 931 336 979 da
379 949 434 980 ea
471 949 482 979 z
521 932 602 998 qui
640 931 795 989 nihil,
830 930 916 979 nisi
959 931 1182 997 permissu
1227 931 1568 980 Romanorum

273 1000 628 1065 imperatorum
671 1038 686 1056 ,
736 999 916 1048 fa&um
963 999 1283 1049 affirmabant.
1345 1000 1566 1048 Civitates

278 1065 581 1131 leeffizlorztm
598 1107 615 1128 ,
653 1070 979 1118 Perrhaeborum
999 1107 1017 1128 ,
1063 1069 1108 1117 ὃ)
1148 1071 1419 1135 Magnetum
1447 1105 1466 1125 ‚
1518 1067 1564 1115 ἐξ*

274 1155 376 1184 cum
406 1138 713 1203 Amynandro
744 1139 1063 1186 Athamanum
1095 1152 1265 1204 gentem
1283 1174 1301 1195 ,
1333 1139 1382 1184 in
1413 1137 1565 1184 eadem

276 1204 415 1269 caustz
432 1244 450 1265 ,
493 1225 589 1271 quae
612 1206 806 1255 AEtolos
829 1203 985 1272 fitiffe.
1026 1206 1262 1254 Antiocho
1290 1223 1380 1272 rege
1393 1201 1561 1271 pulso,

277 1288 546 1340 occupatum
581 1277 903 1342 oppugnandis
932 1275 1160 1324 AEtolicis
1196 1274 1378 1322 urbibus
1410 1271 1568 1336 consu-

276 1342 394 1401 lem,
422 1345 489 1390 ad
513 1345 793 1409 recipiendas
826 1361 903 1391 eas
931 1345 1144 1391 civitates
1170 1343 1443 1408 Philippum
1480 1343 1566 1389 mi·-

266 1407 370 1473 fiffi
387 1430 410 1471 ,-
433 1410 795 1474 armissttbaft'os
810 1412 981 1478 parfre.
1005 1410 1234 1471 Senatus,
1255 1427 1315 1459 ne
1343 1410 1458 1476 quid
1473 1410 1567 1457 ab·

276 1478 411 1528 sente
440 1496 553 1547 rege
583 1478 836 1541 statueret,
863 1480 1050 1547 legatos
1076 1479 1137 1528 ad
1165 1496 1244 1528 eas
1271 1494 1568 1528 controver-

275 1545 362 1596 fias
399 1547 734 1615 disceptandas
771 1547 894 1597 misit
917 1585 931 1609 ‚
970 1547 1042 1612 Q
1079 1546 1330 1597 Caecilium
1380 1546 1570 1595 Metel-

276 1616 376 1664 lum
399 1654 414 1674 ,
453 1616 527 1665 M.
564 1615 788 1667 Baebium
826 1615 1180 1683 Tamphilum,
1211 1615 1291 1666 Ti.
1329 1612 1569 1682 Sempro—

276 1687 410 1733 nium
440 1702 456 1745 3
489 1703 700 1752 quorum
737 1685 820 1734 sub
867 1686 1131 1734 adventum
1153 1723 1168 1745 ‚
1203 1685 1265 1734 ad
1296 1683 1568 1734 Thessalica

274 1752 472 1820 Tempe
512 1756 740 1803 omnibus
778 1755 833 1802 iis
889 1755 1162 1803 civitatibus
1187 1793 1201 1815 ‚
1242 1754 1415 1820 quibus
1455 1771 1566 1802 cum

271 1839 388 1890 rege
429 1821 718 1888 disceptatio
752 1836 852 1870 erat
874 1860 887 1881 ‚
924 1824 1187 1871 concilium
1218 1822 1450 1871 indietum
1483 1819 1568 1871 est.

339 1890 508 1940 XXV.
547 1891 620 1940 lbi
652 1907 801 1958 quum
835 1890 1044 1939 Romani
1082 1892 1231 1958 legati
1264 1890 1590 1956 disceptato-⁷

265 1977 375 2008 rum
405 1960 519 2008 loco
537 1997 551 2020 ‚
579 1959 791 2010 Thessali
815 1998 829 2020 ‚
857 1958 1194 2024 Perrhaebique
1213 1998 1227 2019 ‚
1257 1960 1309 2009 ὃ(
1330 1958 1569 2008 Αῑὴᾶῐηειέ

264 2045 380 2089 nes,
412 2028 539 2077 haud
574 2028 705 2078 dubii
734 2027 1068 2089 accusatores,
1100 2028 1351 2095 Philippus
1381 2028 1442 2075 ad
1482 2046 1566 2077 au·

263 2097 446 2146 dienda
482 2098 680 2146 crimina
722 2111 974 2164 tamquam
1010 2115 1120 2147 reus
1146 2135 1160 2157 ,
1196 2094 1515 2146 consedissent
1556 2113 1572 2157 ;

263 2183 356 2232 pro
395 2167 592 2233 ingemo
641 2165 844 2234 quisque
883 2183 1058 2215 eorum
1098 2167 1181 2233 qui
1210 2166 1455 2233 principes
1495 2165 1569 2214 le-

262 2236 515 2301 gationum
562 2250 736 2295 erant,
773 2234 826 2283 ὅ(
879 2236 1032 2301 gratia
1068 2251 1178 2283 cum
1225 2233 1451 2300 Philippo
1487 2248 1567 2283 aut

261 2302 413 2364 odio,
461 2305 686 2352 acerbius
732 2303 948 2354 leniusve
1003 2317 1221 2371 egerunt.
1261 2302 1317 2352 In
1363 2316 1568 2353 contro-

324 2430 353 2466 4
375 2415 535 2468 Subjus
546 2415 810 2471 judiciumque
830 2431 889 2456 re·
953 2415 1010 2454 les
1029 2427 1141 2455 erant
1153 2413 1287 2468 pulsi]
1312 2415 1422 2470 Lege
1442 2413 1566 2454 omni-

257 2478 326 2535 gis
356 2479 372 2532 ]
422 2479 569 2519 Similis
617 2479 773 2519 locutio
808 2479 888 2533 jam
953 2491 1007 2517 no
1037 2491 1256 2524 venerant,
1296 2491 1439 2530 nempe
1477 2476 1566 2516 Ro-

261 2541 474 2580 observata
537 2541 591 2581 est
638 2541 751 2595 supra
787 2572 799 2592 ,
855 2542 884 2582 1.
951 2554 1071 2580 mam.
1107 2539 1199 2580 Hoc
1237 2538 1409 2592 postulat
1450 2549 1565 2580 totus

263 2602 459 2643 XXXVI
482 2631 494 2648 ,
526 2616 564 2643 c.
599 2614 671 2654 39.
950 2602 1193 2644 narrationis
1226 2611 1457 2642 context-»is⁹

325 2676 346 2715 5
371 2664 429 2703 Et
458 2664 755 2706 Maronitarum
777 2661 887 2721 exsu-
