1670 3068
259 76 671 167 imiza
755 104 1122 165 XXXIX.
1267 106 1335 165 ει

68 186 184 250 dio,
216 189 271 239 L.
299 190 471 239 Porcio
521 187 789 236 consulibus
824 204 836 244 3
869 185 953 234 sed
989 188 1089 233 iniit
1131 187 1343 236 tribuna-
1358 202 1547 253 U,c,5(,9‚

66 270 169 305 tum
191 297 206 318 ‚
231 258 398 324 Appio
424 256 632 306 Claudio
659 294 674 316 ‚
699 255 773 303 M.
802 253 1097 319 Sempronio
1128 256 1339 303 consuli·
1357 258 1546 314 a.C.183,.

66 324 183 384 bus,
221 342 250 391 9
274 342 382 375 ante
422 326 550 373 diem
582 337 803 390 quartum
840 321 951 370 Idus
986 321 1291 370 Decembres
1329 341 1344 382 3

66 392 180 440 inde
219 411 312 443 tres
344 391 531 442 menses
566 392 625 440 ad
661 391 771 440 Idus
809 390 1007 438 Martias
1051 388 1157 452 sunt·
1180 427 1194 448 ‚
1233 391 1349 455 qui-

67 459 154 508 bus
183 461 232 510 P.
269 460 530 519 Claudum,
565 459 620 508 L.
649 459 847 508 Porcius
887 456 1181 506 consulatum
1219 459 1350 506 inie-

68 544 194 578 runt.
229 545 247 576 1
280 529 352 578 Ita
390 530 440 578 ὃ(
469 527 630 577 vixiffe
658 530 706 576 in
746 528 986 575 tribunatu
1015 524 1170 574 Naevii
1205 525 1348 574 vide-

66 610 175 656 tur,
209 596 402 664 diesque
434 599 476 646 ei
508 596 600 644 dici
637 596 695 642 ab
737 612 796 643 eo
831 591 1032 659 potuiss'e
1060 611 1073 653 ;
1104 590 1348 642 deceffisse

68 678 230 713 autem
265 681 372 714 ante
400 664 452 711 L.
475 662 659 712 Valerii
696 662 747 710 &
784 661 858 709 M.
892 661 1045 710 Porcii
1079 659 1346 709 censuram.

68 729 243 784 Trium
280 729 640 781 clariffimorum
684 727 773 777 suae
818 728 1044 795 cujusque
1079 732 1233 795 gentis
1267 730 1348 779 vi-

67 817 231 848 rorum
258 818 358 849 non
387 799 539 864 magis
566 813 790 863 tempore
821 812 1119 864 congruente
1144 814 1348 863 compa-

66 869 224 917 rabilis
258 886 388 916 mors
424 866 616 916 videtur
658 864 751 914 effe
774 903 788 925 ‚
827 865 972 932 quam
1013 865 1146 932 quod
1193 882 1345 916 nemo

66 952 234 984 eorum
267 935 371 984 satis
397 934 593 1001 dignum
624 932 881 1000 splendore
915 935 1024 982 vitae
1051 936 1230 982 exitum
1261 933 1347 982 ha·-

65 1003 184 1052 buit.
216 1003 324 1053 Jam
359 1005 569 1069 primum
604 1019 776 1051 omnes
814 1020 914 1052 non
955 1005 1003 1051 in
1043 1004 1199 1068 patrio
1236 1002 1347 1053 solo

64 1073 243 1121 mortui
267 1110 281 1132 ,
318 1089 410 1120 nec
456 1070 627 1137 sepulti
669 1070 771 1120 sunt
804 1088 820 1131 ;
860 1087 1058 1121 veneno
1106 1070 1347 1137 absumpti

65 1138 277 1188 Annibal
320 1141 372 1188 &
404 1137 743 1206 Philopoemen
765 1178 778 1200 ‚
811 1138 941 1188 exsul
975 1139 1187 1187 Annibal
1217 1157 1345 1205 pro-

65 1208 187 1256 ditus
219 1209 277 1256 ab
312 1206 500 1273 hospite
523 1226 536 1267 3
560 1221 724 1273 captus
753 1207 1094 1273 Philopoemen
1116 1245 1130 1267 ‚
1154 1209 1201 1256 in
1237 1226 1346 1256 car-

65 1293 175 1326 cere
201 1276 251 1326 &
289 1276 337 1325 in
367 1278 569 1325 vinculis
596 1276 868 1342 exspiravit.
903 1275 1091 1342 Scipio,
1125 1275 1207 1325 etsi
1241 1293 1345 1325 non

67 1344 231 1406 exsul,
259 1361 418 1412 neque
454 1344 705 1394 damnatus
728 1382 742 1404 ‚
779 1345 857 1393 die
895 1359 1060 1393 tamen
1097 1344 1250 1404 dicia,
1281 1344 1345 1393 ad

66 1430 209 1479 quam
241 1431 341 1462 non
376 1411 572 1462 affuerat
597 1451 611 1470 ‚
647 1429 755 1461 reus
793 1412 960 1462 absens
1003 1415 1172 1462 citatus
1195 1451 1208 1472 ‚
1249 1431 1344 1462 vo-

61 1481 318 1530 luntarium
363 1500 463 1530 non
502 1479 787 1546 sibimetipse
833 1481 986 1531 solnm
1017 1518 1031 1540 ,
1073 1480 1155 1530 sed
1197 1482 1344 1530 etiam

64 1547 221 1597 funeri
254 1549 336 1598 suo
369 1549 580 1598 exsilium
620 1549 806 1598 indixit.

131 1615 257 1665 LIll.
296 1616 431 1666 Dum
469 1634 524 1666 ea
572 1619 619 1664 in
668 1616 1008 1683 Peloponneso
1038 1654 1054 1677 ‚
1098 1636 1123 1666 a
1165 1618 1338 1684 quibus
1392 1619 1574 1662 Deme-2

63 1684 259 1734 divertit
289 1687 443 1733 oratio
463 1723 477 1743 ‚
509 1699 775 1752 geruntur3
805 1686 983 1735 reditus
1015 1686 1063 1732 in
1095 1685 1334 1736 Macedo·
1354 1682 1421 1723 ‘fil'
1447 1685 1551 1723 redi·

63 1754 192 1801 niam
232 1751 477 1802 Demetrii
511 1755 883 1820 legatorumque
908 1793 922 1815 ,
961 1754 1097 1803 aliter
1133 1755 1337 1804 aliorum
1353 1756 1412 1783 ²¹¹⁵
1441 1750 1483 1785 17²

63 1818 287 1870 effecerat
319 1823 523 1870 animos,
562 1822 755 1888 Vulgus
803 1822 1171 1884 Macedonum,
1215 1806 1552 1891 quostoeffO*

62 1888 176 1937 belli
214 1889 272 1937 ab
303 1888 535 1938 Romanis
559 1892 856 1940 imminentis
891 1906 1047 1940 metus
1071 1906 1305 1943 terruerat
1325 1884 1476 1954 ’nnana

61 1955 369 2006 Demetrium
403 1973 452 2006 ut
480 1961 606 2024 pacis
639 1958 883 2008 austorem
914 1976 1024 2006 cum
1051 1962 1237 2026 ingenti
1266 1960 1344 2009 fa—

63 2042 185 2074 vore
213 2026 570 2091 conspiciebant
610 2045 618 2075 :
653 2025 787 2075 simul
827 2030 877 2076 &
911 2027 989 2093 spe
1038 2028 1164 2076 haud
1200 2029 1345 2078 dubia

63 2109 267 2160 regnum
284 2096 327 2143 ei
351 2094 456 2160 post
478 2110 687 2144 mortem
710 2098 855 2161 patris
879 2094 1194 2146 destinabant.
1215 2100 1346 2147 Nam

127 2228 152 2269 9
190 2219 296 2258 Ante
342 2218 440 2259 diem
494 2233 668 2274 quartum

62 2277 157 2319 Idus
177 2279 441 2334 Decembres]
476 2281 535 2322 Eo
564 2283 669 2322 enim

66 2341 131 2380 die
164 2341 205 2382 &
235 2341 347 2394 primi
375 2343 521 2383 tribuni
542 2345 669 2398 plebis

733 2219 872 2275 ceffiffe
895 2233 1021 2261 autem
1047 2235 1137 2262 ante
1170 2223 1218 2263 L.
1255 2222 1344 2264 Va-

734 2283 824 2322 lerii
863 2283 900 2323 6·
943 2282 1008 2323 Μ.
1047 2282 1184 2324 Porcii
1213 2282 1345 2338 censu-

733 2345 854 2398 ram]
892 2345 988 2384 Non
1025 2345 1147 2400 longe
1178 2346 1257 2385 abit
1295 2347 1348 2387 ab

65 2403 192 2442 creati
227 2403 384 2444 fuerant
411 2433 421 2452 ,
459 2405 500 2446 δε
534 2405 670 2459 postea

66 2463 220 2517 semper
256 2478 395 2505 eorum
430 2464 672 2509 succeffores

64 2525 330 2581 magistratum
363 2527 551 2568 inierunt.

134 2600 149 2627 1
175 2587 241 2627 Ita
263 2589 299 2627 ὃ·
328 2587 462 2641 vixiffi:
483 2589 522 2629 in
549 2588 674 2630 tribu·

68 2661 163 2691 natu
197 2649 330 2693 Naevic'
363 2651 569 2700 videtur...
607 2654 674 2697 de*-

734 2407 807 2447 hac
828 2406 1019 2460 opinione
1039 2407 1190 2447 Cicero
1206 2436 1216 2454 ,
1237 2409 1347 2461 apud

737 2482 855 2522 quern
890 2467 997 2509 Cato
1041 2469 1081 2509 in
1131 2468 1245 2508 Dial.
1293 2470 1348 2510 de

738 2530 834 2571 sen.
864 2545 906 2570 n.
947 2542 1030 2581 19,
1071 2530 1120 2570 de
1153 2530 1347 2584 Scipione

737 2591 931 2632 Africano
965 2591 1062 2631 dicit
1084 2607 1096 2633 τ
1120 2606 1222 2631 anno
1251 2606 1350 2634 ante

736 2667 795 2695 me
813 2650 1005 2710 censorem
1024 2666 1196 2694 mortuus
1214 2654 1287 2706 est,

955 2710 1078 2764 ΒΥ
