1670 3068
376 116 733 172 LrssER
829 113 1089 171 XLII.
1231 129 1339 194 245

72 195 147 247 M.
171 194 313 246 Junio
345 196 393 243 in
424 196 731 253 citeriorem,
761 191 843 259 Sp.
877 192 1100 243 Lucretio
1135 195 1182 241 in
1217 197 1345 244 ulte·
1365 206 1554 257 [Lm-80.

72 266 264 315 riorem.
294 261 354 312 C.
371 261 578 311 Licini-us
597 260 786 311 Crassus
811 261 1039 310 urbanam
1065 259 1345 324 jurisdiRio-
1364 264 1554 313 ss-C·172·

74 348 184 381 nem
199 368 214 391 ,
232 328 328 380 Cn.
346 329 545 378 Sicinius
566 333 689 378 inter
706 331 988 395 peregrinos
1007 343 1107 378 erat
1123 328 1344 389 sqrtitus:

77 398 138 448 C.
162 399 425 447 Memmius
445 397 653 446 Siciliam
674 435 688 457 ‚
724 397 808 462 Sp.
833 397 1033 446 Cluvius
1064 395 1345 446 Sardiniam.

77 466 312 516 Consules
352 465 417 514 ob
455 482 511 514 ea
547 467 652 513 irati
689 465 901 524 senatui,
926 463 1104 513 Latinis
1132 463 1262 513 feriis
1297 467 1347 513 in

72 535 276 602 primam
295 550 535 599 quamque
564 534 691 581 diem
718 531 901 581 indiciis
925 571 939 593 ,
964 535 1012 580 in
1044 534 1346 597 provinciam

0 659 2 668 Ι
73 603 284 651 abituros
306 605 350 650 se
374 601 741 650 denuntiarunt:
770 618 858 649 nec
893 603 1145 666 quicquam
1178 602 1346 666 reipu-

69 670 205 719 blicae
227 669 413 719 acturos
440 707 453 728 ‚
486 685 805 735 praeterquam
825 669 957 733 quod
986 669 1046 716 ad
1069 669 1347 734 provincia-

69 755 173 788 rum
192 736 654 786 administrationem
675 738 912 785 attineret.

136 803 222 854 XI.
252 805 469 854 Attalum
496 807 620 871 regis
648 802 875 852 Eumenis
910 802 1106 853 fratrem
1128 803 1341 870 legatum
1364 812 1557 854 Eumenes

58 871 248 922 'venisse
278 873 490 921 Romam
527 871 749 920 Valerius
785 872 956 919 Antias
977 872 1048 919 his
1073 872 1344 920 consulibus
1366 875 1530 914 Romam

68 939 253 1000 scribit,
283 941 343 988 ad
375 940 638 989 deferenda
675 940 734 988 de
762 938 933 989 Perseo
957 942 1153 988 crimina
1172 977 1185 998 ‚
1216 941 1347 988 indi·
1364 938 1491 978 venit.

44 1009 345 1074 'candosque
382 1024 633 1074 apparatus
669 1008 800 1056 belli.
856 1006 1066 1056 Plurium
1105 1010 1300 1056 annales
1332 1046 1348 1068 ‚

72 1076 125 1126 &
153 1079 323 1141 quibus
363 1075 610 1125 credidisse
658 1077 791 1123 malis
818 1112 832 1134 ‚
885 1076 1034 1141 ipsum
1072 1074 1348 1124 Eumenem

71 1144 250 1195 venisse
282 1145 488 1194 tradunt.
523 1143 763 1192 Eumenes
792 1145 929 1209 igitur
952 1160 1004 1192 ut
1026 1142 1237 1192 Romam
1263 1161 1350 1193 ve-

72 1213 178 1272 nit,
209 1227 438 1277 exceptus
489 1229 598 1259 cum
637 1227 774 1260 tanto
822 1212 1008 1260 honore
1045 1249 1058 1271 ,
1112 1227 1344 1277 quantum

69 1297 169 1328 non
201 1282 379 1329 meritis
410 1282 596 1328 tantum
630 1279 733 1343 ejus
754 1318 769 1339 ‚
804 1278 885 1327 sed
921 1278 1165 1328 beneficiis
1198 1282 1346 1328 etiam

70 1347 160 1396 suis
181 1385 195 1407 ‚
227 1348 437 1415 ingentia
461 1366 565 1413 quae
590 1350 636 1396 in
669 1364 780 1396 eum
803 1346 1029 1414 congesta
1049 1363 1182 1396 erant
1202 1385 1215 1407 ‚
1245 1349 1348 1396 exi-

69 1414 277 1464 stimaret
310 1416 474 1464 deberi
509 1417 718 1482 populus
742 1415 991 1464 Romanus
1012 1454 1025 1475 ‚
1062 1417 1108 1463 in
1127 1415 1344 1464 senatum

0 1540 1 1550 ¹
60 1481 137 1546 ,est
176 1483 491 1534 introdufiius.
551 1483 739 1548 Caufizm
783 1486 993 1532 veniendi
1024 1484 1114 1547 fibi
1151 1487 1344 1532 Romam

0 1555 1 1563 ’
60 1549 240 1616 fitzſje3
292 1552 445 1614 dixit,
486 1567 644 1618 praeter
685 1553 976 1617 cupiditatem
1016 1551 1190 1615 vlsefzdi
1240 1555 1345 1599 deos

74 1619 356 1685 hominesque
389 1638 569 1685 quorum
602 1621 812 1685 beneficio
844 1622 891 1667 in
921 1638 972 1666 ea
996 1617 1188 1684 fortuna
1210 1619 1343 1684 effer,

59 1685 201 1753 ficpra
237 1707 369 1753 quum
396 1705 414 1735 1
444 1707 498 1735 ne
519 1703 669 1753 optare
701 1690 878 1753 quidem
900 1690 1110 1746 auderet,
1141 1691 1273 1735 etiam
1295 1703 1346 1735 ut

71 1771 215 1803 coram
238 1770 425 1803 moneret
433 1753 640 1818 senatum
659 1793 675 1813 ,
713 1771 762 1803 ut
782 1753 930 1818 Persei
953 1758 1131 1803 conatis
1161 1757 1342 1804 obviam

71 1823 165 1870 iret.
205 1820 355 1871 Orsus
379 1823 490 1871 inde
509 1841 535 1871 a
557 1822 762 1889 Philippi
782 1822 987 1870 consiliis
1003 1860 1016 1883 ‚
1041 1840 1212 1871 necem
1236 1823 1341 1872 De·
1377 1835 1562 1889 Perseum

67 1891 224 1938 metrii
251 1889 335 1939 filii
371 1891 560 1950 retulit,
591 1890 884 1940 adversantis
917 1890 1144 1939 Romano
1177 1887 1498 1953 bello3snffie-

65 1955 393 2010 Bastarnarum
420 1974 620 2025 gentem
642 1962 843 2008 excitam
863 1958 1052 2008 sedibus
1071 1959 1159 2007 suis
1179 1998 1193 2019 ,
1217 1977 1343 2024 quo·
1364 1961 1536 2013 &amfi-

71 2042 175 2074 rum
207 2027 388 2075 auxiliis
436 2026 584 2075 fretus
633 2029 681 2075 in
728 2027 910 2076 Italiam
954 2026 1184 2076 transiret.
1228 2030 1344 2076 Haec
1366 2023 1418 2061 ⁶1⁴2
1456 2024 1546 2091 ζῗῡ·

69 2111 164 2142 eum
185 2094 466 2142 volutantem
490 2096 538 2142 in
557 2097 709 2142 animo
733 2093 974 2161 opprefficm
995 2094 1102 2159 fizto
1119 2134 1136 2154 ,
1169 2114 1343 2163 regnum
1364 2099 1501 2124 marus.

75 2163 116 2208 ei
148 2161 366 2227 reliquzſje
384 2200 401 2220 ‚
432 2181 555 2227 quem
580 2162 894 2229 infestzſjimum
924 2161 1004 2227 effe
1028 2161 1224 2227 senfiffet
1251 2167 1345 2212 Ro-

69 2231 219 2277 manis
236 2248 256 2288 ,·
290 2232 443 2294 itaque
466 2229 625 2293 Persea
641 2270 657 2290 ,
690 2233 1012 2280 haereditarium
1039 2251 1069 2278 a
1089 2247 1220 2296 patre
1242 2232 1344 2279 reli-

69 2298 181 2343 §lum
205 2297 398 2355 bellum,
445 2297 489 2344 6³
533 2299 676 2362 fimul
718 2318 815 2348 cum
851 2300 1032 2364 imperio
1073 2302 1285 2347 traditum
1321 2338 1343 2358 ‚

53 2379 98 2411 -2
116 2362 313 2430 jamjam
341 2366 534 2429 primum
579 2368 695 2414 alere
725 2386 780 2415 ac
808 2366 963 2433 fovere
999 2368 1204 2415 omnibus
1232 2385 1343 2414 con·

130 2482 147 2510 1
184 2471 249 2510 Ne
288 2483 424 2525 optare
465 2472 614 2525 quidem
649 2471 667 2525 ]
736 2469 973 2512 Gronovius
1020 2484 1210 2524 tamquam
1253 2470 1344 2524 pri-

69 2529 187 2571 Adde
215 2532 428 2586 quicquam.
732 2547 829 2572 mum
848 2546 860 2571 .·
879 2534 917 2572 id
948 2532 1001 2572 est
1017 2564 1028 2582 ‚
1045 2542 1244 2586 tamquam
1266 2531 1342 2571 ali-

132 2591 331 2644 2Jamjam
345 2595 537 2648 primum]
577 2594 669 2634 Hoc
734 2594 828 2647 quid
840 2595 1008 2647 primum
1021 2607 1065 2632 ac
1080 2593 1341 2647 praecipuum,

69 2665 299 2709 corruptum
364 2656 435 2697 est.
490 2656 671 2713 Corrigit
735 2656 842 2709 quod
871 2654 1108 2710 potissimum
1129 2656 1346 2710 spectaret..

954 2713 993 2762 L
1031 2714 1081 2777 iil
