1670 3068
345 107 704 163 LIBER
788 104 1156 163 XXXIX.
1305 122 1372 181 33

104 184 425 252 Hispaniensis
469 184 706 235 exercitus
728 222 741 245 ,
775 184 880 232 duci
915 184 1133 250 placebat
1173 200 1187 243 3
1218 186 1380 252 itaque
1395 193 1585 246 U.c.5(‚e5,

103 253 354 314 consules,
389 254 503 302 dum
535 253 621 320 ipsi
662 252 995 320 quaestionibus
1037 249 1588 318 impediebam-axa&-

103 321 299 382 tur‚T.
343 321 576 370 Maenium
623 320 826 370 delefihii
880 319 1106 368 habendo
1143 319 1381 384 praefece-

102 404 242 448 runt3
266 389 485 455 perfectis
520 387 854 456 quaestionibus
871 425 885 448 ,
920 388 1051 453 prior
1076 387 1145 451 Q.
1173 386 1381 435 Marcius
1401 405 1453 447 Ο,
1474 405 1587 444 Mar-

104 458 153 505 in
189 457 387 523 Ligures
423 457 655 523 Apuanos
690 455 756 505 est
787 455 1046 522 profectus.
1073 454 1209 503 Dum
1244 448 1473 521 peni-3125
1492 466 1591 504 αω-

105 538 180 572 tus
209 526 256 572 in
295 525 485 574 abditos
521 525 658 573 saltus
695 524 838 590 (quae
868 524 1059 572 latebrae
1093 527 1548 588 receptacu-gurz'bus

106 593 245 658 laque
292 593 480 658 semper
533 594 622 639 illis
669 590 897 658 fuerant)
946 590 1243 656 persequitur
1281 607 1296 650 3
1333 591 1562 638 {noire-m·

109 663 456 725 praeoccupatis
499 657 718 725 angustiis
747 695 763 719 ,
805 660 918 707 loco
960 660 1125 724 iniquo
1179 657 1246 706 est
1288 660 1549 706 cir-³‘sss³t“⁵·

107 743 392 776 cumventus
425 744 438 786 3
469 744 674 792 quatuor
708 726 852 774 millia
885 727 1091 775 militum
1124 723 1309 773 amissa:
1337 726 1389 773 &

108 796 310 862 legionis
358 793 575 843 secundae
619 793 748 861 signa
779 796 900 853 tria,
944 794 1171 842 undecim
1208 794 1412 842 vexilla*

107 862 287 912 socium
323 861 479 910 Latini
526 865 731 911 nominis
768 862 818 910 in
856 861 1145 928 potestatem
1180 860 1389 910 hostium

107 944 377 990 venerunt,
408 930 460 978 &
489 947 620 978 arma
652 930 833 990 multa,
861 948 966 996 quae
989 969 1003 990 ,
1035 932 1145 996 quia
1178 930 1393 995 impedi-

109 1014 278 1047 mento
305 997 595 1064 fugientibus
618 1015 703 1065 per
727 997 982 1063 sylvestres
1012 996 1201 1046 semitas
1222 1012 1384 1059 erant,

110 1064 277 1132 paffim
312 1064 602 1129 jactabantur
636 1085 650 1126 3
676 1068 803 1132 prius
834 1065 1065 1132 sequendi
1096 1065 1297 1133 Ligures
1329 1065 1388 1114 fi-

109 1150 223 1182 nem
250 1171 264 1193 ,
301 1133 443 1199 quam
490 1133 614 1200 fugae
655 1134 866 1183 Romani
915 1133 1149 1183 fecerunt.
1201 1130 1387 1182 Consul

111 1202 191 1250 ubi
222 1203 428 1267 primum
457 1218 513 1250 ex
547 1200 748 1250 hostium
785 1220 900 1269 agro
938 1201 1117 1261 evasit,
1146 1217 1207 1250 ne
1233 1220 1389 1268 quan-

110 1272 213 1318 tum
234 1269 480 1318 diminutae
508 1272 660 1336 copiae
687 1269 849 1319 forent
875 1285 1129 1336 appareret
1149 1307 1163 1329 ,
1184 1272 1231 1318 in
1264 1271 1387 1318 locis

110 1339 289 1405 pacatis
304 1340 563 1387 exercitum
579 1337 770 1390 dimisit.
788 1338 904 1387 Non
922 1354 1083 1387 tamen
1102 1338 1384 1387 oblitterare
1451 1348 1592 1390 Saltus

110 1406 289 1454 famam
319 1408 386 1454 rei
411 1407 534 1455 male
566 1405 703 1472 gestae
729 1408 889 1472 potuit
912 1424 928 1466 3
953 1423 1065 1455 nam
1095 1406 1231 1454 saltus
1253 1406 1381 1455 unde
1397 1409 1594 1452 Marcia-s.

111 1490 221 1523 eum
245 1474 440 1541 Ligures
463 1474 774 1540 fugaverant,
791 1474 1001 1523 Marcius
1020 1473 1085 1523 est
1098 1475 1384 1538 appellatus.

181 1541 319 1589 XXI.
356 1541 452 1589 Sub
488 1542 612 1589 hunc
644 1546 860 1591 nuntium
898 1559 955 1591 ex
1000 1541 1243 1607 Ligustinis
1273 1542 1383 1591 vul·
1439 1554 1518 1594 Res
1552 1553 1594 1592 in.

113 1624 276 1676 gatum
295 1646 308 1669 ,
339 1608 505 1657 littera,²
537 1627 595 1657 ex
629 1610 858 1675 Hispania
885 1608 1066 1662 mistam
1090 1611 1267 1676 gaudio
1291 1611 1380 1657 tri—
1395 1613 1598 1669 Hispa-nia

115 1677 281 1726 stitiam
328 1675 581 1726 afferentes
632 1681 841 1727 recitatae
877 1677 997 1726 sunt.
1046 1676 1107 1726 C.
1145 1678 1339 1726 Atinius
1368 1679 1521 1738 ‚gestae³

115 1748 194 1812 qui
231 1746 428 1793 biennio
476 1745 584 1793 ante
621 1760 800 1811 praetor
844 1747 891 1793 in
932 1762 1040 1793 eam
1090 1747 1391 1811 provinciam

116 1811 354 1879 profectus
387 1828 520 1873 erat,
547 1830 656 1862 cum
693 1813 922 1862 Lusltanis
950 1815 997 1861 in
1046 1831 1162 1879 agro
1205 1812 1394 1863 Astenfi

117 1880 254 1948 signis
282 1881 463 1929 collatis
502 1883 735 1948 pugnavit
758 1899 772 1942 3
798 1881 860 1930 ad
891 1880 970 1930 sex
1003 1883 1151 1930 millia
1182 1881 1392 1930 hostium

116 1948 219 1997 sunt
250 1948 360 1996 caesa
391 1965 400 1995 :
429 1953 574 1997 ceteri
607 1949 692 1998 fusi
714 1988 727 2009 ‚
761 1948 944 2016 fugati,
968 1948 1219 2016 castrisque
1244 1953 1394 2000 exuti,

109 2016 198 2065 Ad
231 2016 465 2083 oppidum
490 2018 664 2067 deinde
704 2018 872 2066 Astam
905 2018 1286 2084 oppugnandum
1321 2020 1396 2066 le-

119 2087 286 2151 giones
317 2084 448 2133 ducit
481 2101 495 2144 3
524 2086 572 2133 id
610 2103 805 2152 quoque
845 2086 972 2133 haud
1013 2086 1164 2134 multo
1202 2084 1392 2150 majore

120 2154 377 2202 certamine
402 2155 559 2218 cepit,
584 2154 727 2220 quam
761 2151 904 2202 castra
925 2170 943 2213 3
966 2152 1047 2200 sed
1082 2154 1196 2203 dum
1228 2156 1395 2202 incau-

121 2222 211 2268 tius
248 2219 364 2268 subit
404 2237 602 2280 muros,
634 2221 749 2270 ictus
792 2238 853 2271 ex
896 2221 1096 2270 vulnere
1141 2220 1248 2287 post
1292 2223 1395 2270 dies

120 2304 301 2353 paucos
322 2290 539 2337 moritur.
570 2289 758 2338 Litteris
794 2290 855 2338 de
888 2304 1049 2338 morte
1083 2290 1398 2355 propraetoris

121 2357 358 2416 recitatis,
387 2355 573 2405 senatus
622 2357 801 2407 censuit
836 2356 1127 2406 mittendum
1151 2394 1164 2415 ,
1213 2359 1294 2423 qui
1334 2358 1397 2406 ad

120 2421 267 2472 Lunae
294 2439 488 2489 portum
516 2423 578 2474 C.
602 2423 919 2491 Calpurnium
940 2441 1196 2490 praetorem
1225 2424 1399 2474 conse·-

114 2498 383 2556 queretur:
414 2495 781 2559 nuntiaretque,
813 2493 1026 2542 senatum
1052 2509 1240 2558 aequum
1273 2510 1400 2541 cen-

118 2558 226 2610 sere
244 2596 258 2618 ,
288 2575 348 2608 ne
377 2557 471 2609 fine
497 2561 702 2626 imperio
724 2563 973 2628 provincia
998 2558 1110 2609 esset
1130 2576 1403 2620 ,maturare

128 2642 237 2675 eum
268 2625 518 2693 proficisci.
545 2629 736 2696 Quarto
763 2629 839 2680 die
865 2630 947 2698 qui
976 2626 1135 2746 mii3ssus
1168 2642 1271 2679 erat
1299 2628 1405 2678 Lu,-

1096 2713 1131 2747 V
