1670 3068
335 93 691 149 LIBER
789 91 1037 151 XLV.
1196 94 1306 171 493

33 177 223 239 generis
255 190 384 222 arma
420 172 658 221 cumulata
681 174 727 219 in
762 172 1009 238 ingentem
1043 188 1271 222 acervum
1298 213 1311 235 ‚
1334 192 1522 243 Μῦες,

34 259 255 307 precatus
278 241 485 289 Martem
511 280 522 299 ,
547 240 823 289 Minervam
844 277 857 298 ,
891 258 920 300 4
945 239 1192 306 Luamque
1218 260 1314 291 ma·
1334 248 1523 296 a.C.1(>7.

33 326 156 358 trem
181 348 195 370 ‚
231 311 283 358 &
323 324 512 357 ceteros
551 308 670 356 deos
712 308 881 373 quibus
920 307 1069 373 spolia
1110 308 1316 360 hostium

35 377 194 425 dicare
230 375 302 441 jus
329 375 496 442 fasque
531 374 596 423 est
617 413 630 435 ,
663 376 761 441 ipse
786 377 1048 441 imperator
1079 373 1182 425 face
1210 376 1318 425 sub-

35 444 135 492 dit&
171 444 413 493 succendit
442 462 455 504 ;
507 444 684 492 deinde
742 443 1095 493 circumstantes
1140 445 1318 494 tribuni

37 513 242 561 militum
276 531 365 578 pro
391 511 434 559 se
459 511 654 577 quisque
677 512 811 577 ignes
841 511 1168 578 conjecerunt.
1200 512 1317 562 No-
1362 525 1527 577 Μαρηῖ.

35 593 132 629 tata
159 580 225 630 est
259 583 306 628 in
326 581 410 629 illo
436 594 682 629 conventu
710 578 915 645 Europae
942 580 1161 647 Afiaeque
1180 617 1194 640 ,
1221 574 1493 645 un-ficeniia

39 648 186 715 dique
235 650 408 714 partim
456 648 517 696 ad
571 647 940 714 gratulationem
972 685 985 709 ,
1031 650 1205 714 partim
1258 650 1319 699 ad
1335 649 1493 693 Paulli.

36 715 357 782 speflaculum
379 717 623 764 contrabi&
642 714 947 764 multitudine
964 753 977 775 ,
1014 718 1155 764 tantis
1176 735 1323 768 nava-

38 784 165 833 libus
202 782 591 850 terrestribusque
625 782 911 832 exercitibus
935 822 949 843 ‚
982 799 1040 831 ea
1070 786 1212 850 copia
1244 803 1327 836 re-

38 869 145 901 rum
175 888 190 911 ,
235 869 292 901 ea
342 852 501 901 vilitas
548 869 754 911 anonae,
791 852 936 900 ut'&
980 852 1176 916 privatis
1204 889 1219 914 ‚
1269 855 1327 905 &

43 921 319 971 civitatibus
343 957 359 979 ,
395 921 447 969 &
486 920 704 986 gentibus
727 955 743 978 ,
791 919 920 969 dona
953 919 1064 968 data
1095 921 1326 988 pleraque

41 987 145 1053 ejus
177 990 367 1056 generis
401 987 488 1035 sint
526 988 585 1036 ab
622 989 917 1053 imperatore
939 1023 954 1046 ‚
985 1005 1084 1036 non
1116 991 1163 1037 in
1191 990 1326 1042 usum

39 1057 191 1105 modo
218 1055 504 1123 praesentem
526 1093 539 1115 ‚
570 1054 651 1104 sed
682 1057 825 1104 etiam
850 1055 983 1122 quod
1016 1056 1189 1106 domos
1216 1076 1327 1108 ave-

38 1124 227 1174 herent.
257 1123 540 1190 Spefilaculo
579 1122 666 1171 fuit
700 1125 742 1172 ei
768 1141 873 1188 quae
909 1140 1107 1174 venerat
1132 1127 1282 1175 turbae
1307 1164 1325 1189 ,

42 1211 145 1242 non
177 1192 419 1241 scenicum
449 1193 598 1258 magi>
628 1192 865 1240 ludicrum
887 1229 901 1251 ‚
941 1210 1040 1240 non
1063 1196 1326 1246 certamina

41 1263 324 1319 hominum,
347 1273 427 1308 aut
447 1260 675 1308 curricula
699 1277 936 1326 equorum
956 1298 971 1321 ,
999 1261 1140 1327 quim]
1163 1264 1326 1328 praeda

48 1328 371 1378 Macedonica
410 1329 566 1376 omnis
600 1342 652 1376 ut
689 1326 918 1378 viseretur
946 1329 1162 1394 expofita
1184 1369 1198 1390 ‚
1237 1329 1327 1380 sta·-

46 1411 233 1446 tuarum
254 1434 268 1458 ‚
294 1396 659 1461 tabularumque
682 1433 695 1456 ‚
729 1398 962 1446 textilium
983 1435 997 1456 ,
1028 1397 1080 1446 &
1101 1398 1326 1449 vasorum

46 1482 106 1515 ex
132 1483 248 1514 auro
269 1502 282 1524 ‚
307 1465 358 1513 ὃ(
377 1478 576 1531 argento
596 1501 609 1523 ‚
634 1465 683 1513 &
708 1481 800 1513 aere
818 1501 830 1523 ‚
869 1466 921 1514 &
948 1465 1096 1515 ebore
1126 1482 1144 1532 5
1173 1466 1327 1517 faelo-

45 1550 151 1582 rum
176 1534 362 1600 ingenti
383 1533 495 1580 curii
514 1534 560 1579 in
579 1548 634 1580 ea
654 1533 783 1599 regia
801 1570 814 1592 ‚
842 1547 891 1580 ut
919 1552 1016 1582 non
1045 1535 1092 1581 in
1117 1535 1327 1600 praesen-

48 1617 151 1651 tem
205 1601 359 1650 modo
405 1599 614 1666 speciem
651 1638 665 1660 ‚
711 1601 928 1666 qualibus
972 1601 1148 1650 referta
1193 1607 1328 1670 regia

47 1670 354 1719 Alexandriae
384 1683 483 1717 erat
503 1704 517 1726 ‚
549 1667 633 1717 secl
665 1670 712 1716 in
743 1683 1034 1734 perpetuum
1065 1669 1198 1718 usum
1230 1671 1327 1721 fie-

47 1752 171 1787 rent.
196 1737 315 1786 Haec
342 1740 390 1785 in
411 1734 598 1785 claffem
621 1735 838 1803 impolita
861 1775 876 1796 ,
908 1728 1197 1787 devehe‘ri‘da
1221 1739 1329 1791 Ro-

47 1823 178 1869 mam
206 1804 301 1856 Cn.
321 1804 532 1854 oetavio
557 1805 681 1853 data.
714 1804 900 1853 Paullus
925 1806 1136 1873 benigne
1157 1808 1328 1876 legatis

48 1873 243 1924 dimiffis
263 1912 277 1934 ,
306 1870 606 1939 transgressus
643 1872 960 1939 Strymonem
982 1911 997 1935 ‚
1039 1875 1170 1924 mille
1213 1877 1328 1943 pas-

49 1941 185 1991 suum
217 1944 277 1990 ab
317 1940 603 2007 Amphipoli
643 1940 788 1989 castra
827 1942 1023 2008 posuit:
1065 1943 1178 1992 inde
1217 1963 1331 2009 pro-

48 2010 197 2059 festus
225 2047 240 2069 ‚
265 2009 445 2058 Pellam
473 2012 642 2073 quinto
665 2009 740 2058 die
765 2012 1001 2075 pervenit.
1025 2008 1328 2079 Praetergres-

48 2079 121 2126 sus
153 2078 321 2126 urbem
345 2115 359 2136 ‚
392 2076 451 2124 ad
477 2076 716 2143 Spelaeum
757 2077 777 2144 (
812 2078 945 2143 quod
981 2095 1162 2128 vocant
1192 2080 1211 2146 )
1248 2082 1330 2130 bi-

50 2146 200 2195 duum
223 2160 434 2194 moratus
464 2181 478 2203 ‚
527 2143 577 2194 P.
607 2143 827 2194 Nasicam
865 2146 915 2194 &
951 2143 1020 2210 Q.
1053 2147 1328 2198 Maximum

49 2212 202 2263 filium
232 2230 341 2262 cum
377 2226 512 2278 parte
551 2215 798 2280 copiarum
845 2214 905 2262 ad
956 2213 1327 2282 depopulandos

51 2281 246 2348 Illyrios
271 2319 285 2341 ,
333 2282 414 2346 qui
449 2279 616 2330 Persea
648 2279 872 2347 juverant
923 2281 1054 2331 bello
1088 2322 1100 2342 ‚
1156 2285 1277 2335 misit
1310 2324 1327 2348 ,

51 2348 197 2416 jussos
229 2350 289 2398 ad
319 2348 522 2399 Oricum
556 2348 639 2398 fibi
670 2366 923 2400 occurrere
949 2369 962 2398 .·
1000 2351 1098 2417 ipse
1135 2351 1332 2420 Epirum

114 2470 142 2508 4
161 2457 354 2511 Luamque
366 2453 543 2508 matrem]
558 2453 657 2495 Vid.
725 2465 838 2494 erant
863 2453 1017 2509 ingenti
1045 2456 1137 2497 cur&
1164 2456 1203 2496 in
1221 2456 1334 2514 regi&

54 2530 140 2560 not.
166 2533 190 2560 2
208 2548 222 2564 ‚
241 2520 336 2559 adl.
359 2518 486 2565 Vlll,
517 2530 554 2557 c.
572 2527 629 2556 -1.
725 2514 861 2556 Pellae.
880 2516 989 2557 Huic
1002 2518 1219 2570 opponitur
1236 2534 1334 2562 mox

123 2592 139 2632 ς
166 2580 366 2620 Fastorum
395 2578 542 2634 ingenti
570 2577 663 2616 curli
726 2577 764 2616 in
793 2577 840 2618 iis
872 2592 958 2632 quae
980 2578 1195 2633 sequuntur
1221 2582 1334 2639 regia

59 2642 99 2681 in
119 2657 164 2682 ea
184 2641 316 2699 regia]
334 2641 437 2693 Quae
454 2640 543 2681 vasa
564 2638 664 2680 fasta
727 2639 1000 2680 Alexandriae.

949 2697 1065 2764 xij
