1670 3068
269 93 404 169 498
565 92 619 150 T
666 109 687 148 1
733 110 772 149 T
819 110 838 149 1
931 94 976 150 L
1021 110 1043 149 1
1087 110 1133 148 v
1174 109 1196 148 1
1246 109 1268 149 1

66 175 333 238 U.c.585,ab
367 172 592 223 omnibus
622 171 722 223 fere
753 172 952 224 Graeciae
981 173 1033 222 &
1065 171 1188 221 Afiae
1214 172 1484 221 civitatibus
1509 173 1556 221 in

66 242 255 295 a.C.1(>7.
273 242 643 311 gratulationem
667 241 881 291 vifioriae
901 258 986 307 per
1012 241 1201 307 legatos
1228 240 1361 289 dono
1384 239 1547 289 miffae:
1608 274 1619 281 »

272 311 466 378 grandis
494 310 603 360 sane
625 348 639 368 ‚
670 308 704 357 fi
732 327 818 374 per
849 309 894 357 se
927 307 1036 373 ipsae
1067 307 1389 375 spe&arentur
1409 346 1422 368 ‚
1453 326 1562 374 pre-

273 382 363 439 tii,
396 379 476 429 sed
513 379 773 428 mediocris
804 375 1006 426 acceflio
1046 378 1330 425 immanium
1359 394 1511 442 opum
1544 413 1562 436 ‚

272 466 380 515 quae
412 449 459 496 in
489 447 585 494 hoc
612 445 861 511 triumpho
900 444 1177 494 transvefflae
1208 442 1455 510 fuerant.]

341 515 449 564 XL.
474 514 724 563 Summam
749 514 906 562 omnis
937 515 1116 579 captivi
1153 513 1253 561 auri
1281 517 1560 579 argentique
1624 574 1629 576 q

272 583 485 632 transsati
521 597 551 647 9
589 580 854 630 sestertium
889 582 1060 631 millies
1104 581 1353 630 ducenties
1393 579 1560 639 sume,

273 651 499 701 Valerius
527 648 699 699 Antias
739 650 881 699 tradit
911 651 1038 716 :qua
1065 649 1192 698 haud
1223 649 1366 698 dubie
1405 647 1562 712 maior

267 720 524 786 *aliquanto
550 719 741 768 summa.
758 733 775 764 1
801 727 859 767 e'x
879 735 1082 767 numero
1102 716 1418 785 plaustrorum
1439 734 1567 782 pon-

276 787 562 854 deribusque
596 788 728 846 auri,
769 788 994 854 argenti,
1049 787 1319 853 generatim
1356 785 1414 833 ab
1461 784 1563 849 ipso

275 855 456 922 scriptis
472 893 485 915 ,
506 854 725 905 efficitur.
747 854 969 904 Alteram
993 869 1180 903 tantum
1202 869 1283 903 aut
1312 856 1359 902 in
1381 853 1566 901 bellum

274 926 553 991 proximum
585 923 921 989 absumptum,
951 937 1030 971 aut
1052 924 1102 971 in
1133 922 1244 990 fuga
1265 960 1278 982 ‚
1305 939 1453 987 quum
1474 920 1568 969 Sa-

275 993 565 1041 mothracen
609 1007 833 1056 peteret,
882 990 1152 1057 dissipatum
1175 1029 1188 1050 ,
1225 991 1431 1040 tradunt.
1469 988 1569 1037 Eo-

278 1077 372 1127 que
403 1061 451 1109 id
483 1061 742 1108 mirabilius
783 1075 919 1119 erat,
952 1061 1085 1126 quod
1120 1073 1307 1107 tanturn
1349 1056 1565 1123 pecuniae

275 1130 399 1178 intra
428 1131 624 1196 triginta
663 1146 814 1177 annos
849 1127 955 1194 post
990 1128 1170 1177 bellum
1206 1125 1413 1192 Philippi
1457 1142 1568 1174 cum

274 1196 544 1257 Romani5‚
578 1198 754 1263 partim
789 1213 847 1245 ex
881 1193 1032 1245 fruttu
1073 1196 1384 1245 metallorum
1407 1232 1421 1253 ,
1454 1211 1570 1259 par-

275 1266 366 1314 tim
398 1283 457 1315 ex
503 1265 813 1333 veffigalibus
857 1265 957 1314 aliis
1001 1280 1344 1314 coacervatum
1394 1262 1572 1312 fuerat.

276 1332 447 1401 Itaque
465 1334 731 1383 admodum
758 1336 898 1399 inops
922 1335 1140 1399 pecuniae
1159 1332 1404 1397 Philippus
1420 1369 1433 1390 ,
1455 1329 1573 1379 Per-

99 1402 383 1458 Paullusseus
414 1402 583 1452 contra
629 1402 864 1468 praedives
901 1440 915 1461 ‚
957 1401 1135 1450 bellare
1186 1418 1294 1449 cum
1333 1399 1571 1448 Romanis

73 1478 115 1521 in
137 1474 452 1541 curru-coepit.
484 1475 513 1521 '2
545 1470 649 1538 Ipse
692 1469 940 1538 postremo
980 1468 1170 1518 Paullus
1203 1472 1250 1518 in
1291 1486 1431 1517 curru
1465 1483 1574 1515 ma-

958 1611 1044 1637 rum
1066 1595 1228 1637 viftoris
1248 1593 1350 1635 dufti
1372 1594 1474 1636 sunt.
1493 1592 1574 1646 Igi-

959 1670 1024 1699 tur
1060 1658 1268 1699 verisimile
1297 1671 1378 1697 non
1402 1655 1482 1703 est,
1511 1655 1573 1697 Li·

959 1721 1066 1761 vium
1097 1721 1180 1774 post
1201 1720 1449 1761 mentionem
1478 1716 1574 1758 Per-

960 1783 1013 1823 sei
1057 1783 1229 1831 faftam,
1267 1793 1479 1835 antequam
1524 1779 1574 1819 de

961 1845 1102 1887 Paullo
1125 1846 1192 1900 qui
1223 1844 1405 1898 proxime
1429 1842 1575 1896 seque-

960 1908 1077 1948 batur
1125 1909 1281 1948 diceret
1314 1935 1325 1955 ,
1374 1901 1573 1958 reliquisse

961 1969 1274 2024 descriptionem
1348 1965 1577 2007 incedentis

341 1611 368 1652 9
391 1597 620 1649 Sestertium
649 1597 796 1637 millies
827 1599 892 1636 du-
926 1605 930 1607 “

279 1662 458 1714 centies]
491 1661 538 1701 Id
575 1660 657 1706 est,
694 1659 893 1699 sestertios

284 1736 299 1765 1
314 1736 550 1765 20000000
566 1749 577 1769 ‚
597 1722 717 1764 libras
736 1722 892 1777 argenti

277 1786 417 1840 pondo
447 1785 651 1826 Romanas
687 1794 890 1835 3orceco,

280 1861 436 1889 marcas
456 1847 653 1887 nostrates
674 1846 872 1897 468755.

345 1921 364 1950 1
411 1908 479 1949 Ex
507 1923 663 1949 numero
699 1907 894 1962 plaustro-

279 1986 362 2013 rum
420 1971 438 2024 ]
510 1971 706 2011 Libenter
768 1983 893 2024 repo·

281 2047 470 2074 net-emus
531 2031 828 2087 Philippeorum
877 2047 892 2079 ‚-

280 2098 377 2143 vel,
395 2097 464 2150 ph.
492 2109 694 2135 aureorum
713 2122 723 2140 ‚
747 2108 822 2148 qua
845 2108 895 2134 ex

282 2157 477 2211 scriptura
494 2156 614 2197 facile
633 2158 795 2212 vulgata
817 2171 895 2197 rna·

283 2234 381 2264 nare
413 2229 565 2273 potuit.

350 2294 375 2322 2
389 2278 479 2337 Ipse
493 2279 687 2336 postremo
707 2278 894 2333 Paullus]

288 2341 505 2384 Credimus
526 2341 589 2383 hic
610 2341 791 2382 ordinem
815 2357 902 2382 nar-

254 2405 456 2458 *Qtionis
499 2420 519 2445 a
559 2404 728 2445 librariis
763 2418 902 2444 corru-

289 2478 403 2522 ptum
437 2467 530 2509 effe.
570 2467 760 2506 Secundo
798 2466 902 2506 enim

291 2530 356 2570 die
390 2527 622 2569 transsatum
669 2528 801 2568 fuerat
838 2542 903 2567 au-

291 2605 378 2631 rum
413 2591 453 2631 &
495 2602 720 2645 argentum.
755 2590 902 2631 Tertio

292 2650 461 2694 Perseus
481 2653 520 2696 ὅ(
540 2652 687 2707 captivi
705 2663 798 2694 ante
818 2667 904 2693 cur·

959 2045 1117 2086 pompae
1137 2063 1148 2082 ,
1170 2044 1215 2072 ut
1243 2032 1292 2071 de
1327 2030 1472 2070 summa
1494 2027 1578 2068 auri

960 2094 1203 2148 argentique
1239 2092 1389 2145 captivi
1420 2120 1429 2139 ,
1471 2090 1580 2145 quod

961 2156 1090 2210 pridie
1130 2154 1360 2196 transsatum
1409 2154 1572 2200 fuerat,

966 2219 1015 2259 de
1048 2218 1199 2258 divitiis
1238 2216 1373 2257 Persei
1418 2215 1578 2256 differe-

966 2291 1056 2330 ret‚
1090 2294 1136 2320 ac
1180 2291 1262 2321 turn
1314 2278 1488 2332 denique
1533 2277 1582 2316 ad

967 2341 1148 2382 Paullum
1191 2351 1487 2382 reverteretur.
1538 2338 1582 2379 Si
1645 2344 1654 2383 ,-’

969 2404 1060 2458 quid
1079 2402 1145 2444 hic
1165 2405 1346 2444 videmus
1367 2413 1476 2449 ,tota
1495 2401 1580 2440 haec
1632 2409 1654 2448 p*

967 2466 1158 2520 periodus
1189 2495 1199 2514 ,
1250 2462 1338 2520 Ipse
1388 2461 1580 2519 postrema>
1630 2499 1648 2509 „

969 2527 1137 2567 Paullus
1152 2528 1299 2582 ‚usque
1319 2526 1366 2566 ad
1383 2527 1469 2565 haec
1491 2537 1586 2563 ver·

968 2591 1014 2629 ba
1042 2590 1078 2629 G·
1103 2591 1282 2629 cobortes
1305 2587 1478 2642 peditum
1496 2583 1578 2640 suis

969 2666 1122 2707 quaeque
1140 2650 1359 2698 ordinibus,
1376 2649 1580 2705 praecede·
1619 2665 1624 2669 ·
