1670 3068
256 103 616 159 Lissssn
700 99 1070 158 XXXIX.
1257 115 1321 176 51

45 180 214 233 stando
248 200 388 250 agros
409 220 424 242 ,
454 182 739 246 urendoque
766 182 903 229 vicos
935 181 981 228 δέ
1013 179 1198 229 castella
1232 198 1326 231 eo·-
1345 195 1538 244 nme-r.

47 270 152 301 rum
171 289 186 312 ,
205 254 392 317 aperuit
416 249 585 298 saltum
617 249 762 314 usque
789 249 849 297 ad
881 249 1080 296 fluvium
1108 249 1327 298 Macram
1346 252 1540 301 a.e.185.

50 321 100 368 ὃ(
130 319 274 367 Lunae
315 334 530 385 portum.
567 316 744 366 Hostes
790 333 1047 377 montem,
1084 318 1330 381 antiquam

47 387 208 437 sedem
244 386 482 449 majorum
521 385 745 445 suorum,
786 399 1020 451 ceperunt
1053 401 1063 432 ε
1103 386 1155 433 &
1185 384 1331 443 inde,

51 455 267 520 separata
324 455 546 503 locorum
590 455 840 519 iniquitate
874 491 889 513 ‚
936 453 1102 518 praelio
1161 449 1336 516 dejeffi

55 522 177 572 sunt.
211 522 272 571 Et
293 522 392 588 Ap.
423 521 654 570 Claudius
688 521 967 569 felicitatem
1007 521 1336 586 virtutemque
1396 537 1398 539 ’

55 592 255 657 collegae
295 592 344 638 in
378 590 627 656 Liguribus
659 587 884 654 Ingaunis
921 592 1131 654 aequavit
1164 587 1337 636 secun-

55 659 127 706 dis
152 661 334 722 aliquot
359 659 529 724 praeliis
551 672 567 715 3
590 655 669 704 sex
692 674 923 721 praetesea
954 656 1133 722 oppida
1165 671 1340 704 eorum

56 728 350 793 expugnavit
383 741 392 772 :
430 724 579 772 multa
612 724 757 771 millia
798 724 1050 771 hominum
1082 726 1128 772 in
1166 726 1220 772 iis
1253 740 1342 772 ce-

56 796 127 861 pit
163 811 174 842 :
210 793 324 841 belli
353 791 570 841 auctores
604 807 699 841 tres
738 792 789 839 &
833 791 1145 859 quadraginta
1188 792 1340 841 securi

58 860 299 929 percuffit.
327 859 432 908 Jam
464 862 774 909 comitiorum
810 859 1070 926 appetebat
1107 875 1340 927 tempus;

56 931 187 996 prior
214 943 378 977 tamen
411 926 642 977 Claudius
682 928 825 994 quam
872 928 1188 994 Sempronius
1213 966 1227 989 ‚
1262 930 1340 978 cui

55 997 154 1046 sors
183 999 377 1045 comitia
400 997 610 1045 habendi
632 996 901 1064 obtigerat,
933 996 1147 1045 Romam
1170 999 1337 1055 venit,
1359 996 1547 1045 Comitia.

60 1066 169 1133 quia
210 1064 262 1114 P.
302 1062 533 1113 Claudius
578 1064 726 1113 frater
763 1063 865 1124 eius
905 1065 1201 1114 consulatum
1247 1082 1342 1131 pe-

60 1134 191 1183 tebat
221 1170 239 1193 ,
282 1133 726 1199 competitoresque
770 1134 979 1181 habebat
1023 1135 1251 1200 patricios
1287 1132 1345 1183 L.

58 1202 306 1252 AEmilium
326 1239 339 1259 ‚
369 1201 441 1266 Q.
471 1201 675 1250 Fabium
703 1201 987 1250 Labeonem
1008 1240 1023 1259 ‚
1055 1201 1159 1250 Ser.
1185 1201 1349 1268 Sulpi-

61 1271 188 1318 cium
223 1269 437 1320 Galbam
458 1308 472 1329 ,
496 1287 690 1319 veteres
728 1269 1011 1318 candidatos
1034 1307 1048 1329 ‚
1093 1272 1146 1318 ὃ(
1181 1269 1239 1317 ab
1264 1287 1349 1318 re·-

62 1337 205 1404 pulfis
239 1356 301 1388 eo
339 1343 491 1405 magis
522 1339 740 1387 debiturn
766 1376 780 1398 ‚
813 1341 923 1403 quia
956 1339 1117 1403 primo
1147 1352 1353 1405 negatus

63 1422 164 1454 erat
203 1443 218 1465 ,
254 1407 495 1455 honorem
534 1422 814 1471 repetentes
851 1424 865 1464 3
907 1408 1053 1455 etiam
1091 1408 1199 1472 quia
1245 1407 1353 1470 plus

65 1473 211 1540 quam
255 1492 403 1522 unum
445 1491 504 1522 ex
543 1476 751 1539 patriciis
802 1476 951 1522 creari
993 1492 1094 1522 non
1132 1474 1351 1535 licebat,

65 1540 232 1590 arffior
257 1544 427 1607 petitio
454 1559 659 1607 quatuor
694 1542 970 1607 petentibus
1009 1556 1127 1591 erat.
1166 1541 1352 1592 Plebeii

66 1626 260 1674 quoque
282 1609 469 1676 gratiosi
494 1611 713 1658 ’nomines
733 1610 962 1674 petebant
987 1647 1002 1667 ‚
1038 1607 1091 1656 L.
1118 1608 1345 1672 Porcius,

69 1677 143 1741 Q.
167 1676 422 1725 Terentius
448 1676 625 1726 Culleo
642 1716 655 1736 ,
681 1675 775 1726 Cn.
810 1676 996 1724 Baebius
1027 1675 1312 1742 Tamphilus
1335 1694 1351 1725 z

69 1743 100 1794 8
119 1744 169 1792 ὅ(
191 1745 238 1792 hi
263 1744 431 1811 repulsi
449 1783 462 1804 ‚
495 1748 541 1793 in
565 1745 699 1810 spem
726 1745 1022 1810 impetrandi
1042 1746 1238 1794 tandem
1267 1745 1355 1795 ali-

68 1814 264 1877 quando
294 1814 493 1861 honoris
535 1814 685 1862 dilati.
726 1812 958 1862 Claudius
999 1831 1118 1862 unus
1151 1831 1356 1864 eit-om-

69 1881 206 1929 nibus
237 1899 394 1930 novus
427 1882 705 1930 candidatus
737 1897 855 1930 erat.
894 1879 1147 1946 Opinione
1183 1882 1353 1930 homi-

67 1965 184 1996 num
212 1949 339 1997 haud
369 1950 510 1996 dubie
545 1949 900 1998 destinabantur
937 1949 1007 2014 Q.
1041 1949 1213 1998 Fabius
1250 1949 1354 1998 La-

68 2015 164 2065 beo
187 2053 203 2076 ,
239 2017 290 2065 ὃ(
324 2017 379 2065 L.
404 2015 599 2066 Porcius
628 2017 833 2065 Licinus.
855 2017 952 2066 Sed
985 2016 1216 2070 Claudius
1234 2036 1353 2066 con-

69 2083 136 2132 sul
173 2083 270 2133 sine
303 2085 541 2133 moribus
574 2104 683 2134 cum
730 2085 876 2134 fratre
916 2100 1023 2134 toto
1061 2085 1173 2134 foro
1222 2087 1354 2135 voli·

70 2151 219 2200 tando
238 2189 253 2210 ‚
273 2153 585 2201 clamantibus
610 2153 885 2202 adversariis
901 2191 914 2211 ,
932 2155 979 2201 8<
1005 2153 1193 2219 majore
1213 2169 1351 2222 parte

72 2218 296 2279 senatus,
326 2220 582 2286 Memimffe
624 2241 720 2271 eum
767 2224 912 2270 debere
944 2222 1113 2289 prilcs,
1145 2221 1198 2287 Ye
1240 2241 1350 2272 con-

135 2330 159 2371 8
186 2331 244 2371 Et
264 2331 303 2370 hi
327 2332 504 2388 repulsi]
528 2332 674 2373 Sensus
738 2331 921 2373 honoris.
955 2329 1149 2386 Repulsos
1170 2329 1352 2373 absolute

73 2391 155 2433 est:
181 2394 221 2433 hi
252 2408 412 2448 quoque
433 2422 446 2439 ,
479 2393 585 2448 quod
610 2408 678 2435 re-
740 2395 818 2434 dici
837 2408 908 2434 eos
927 2394 992 2448 qui
1011 2409 1130 2447 quum
1150 2394 1352 2435 honorem

73 2454 220 2509 pulsam
271 2466 389 2495 antea
433 2457 679 2496 consulatum
742 2457 912 2511 aliquem
935 2471 952 2493 a
973 2457 1126 2508 populo
1145 2466 1353 2508 peterent,

73 2526 261 2570 petentes
307 2518 484 2557 tulerant
505 2549 517 2569 ‚
571 2517 682 2558 dilati
744 2531 835 2558 eum
868 2516 1059 2571 consequi
1091 2531 1171 2556 non
1206 2527 1355 2570 potue-

75 2590 191 2617 erant
214 2581 255 2618 ὃ(
272 2578 410 2632 rejeffi
429 2580 466 2619 in
489 2579 593 2633 spem
612 2579 682 2619 im·
743 2591 848 2625 rant,
872 2578 1023 2619 constat
1046 2592 1094 2619 ex
1120 2578 1240 2620 Orat.
1261 2577 1355 2621 Cic.

79 2640 262 2695 peti-andi
287 2641 451 2683 tandem
469 2641 683 2697 aliquando
746 2641 798 2682 de
820 2640 919 2682 Har.
939 2639 1059 2693 Resp.
1081 2654 1122 2680 n.
1145 2639 1216 2693 56.

971 2696 1085 2766 cij
