1670 3068
393 82 763 138 LIBER
856 78 1094 136 XLV.
1251 96 1370 152 497

86 159 425 228 leucfflesque,
459 160 508 209 &
559 160 848 219 Thericlea‚
888 175 1142 225 ceteraque
1193 161 1368 223 pocula
1392 168 1579 218 lle-595·

92 245 151 276 ex
196 247 311 278 auro
350 267 364 288 ‚
409 230 578 294 quibus
618 227 772 277 Persei
815 228 1013 274 triclinia
1060 223 1580 274 ornabantur.n‘3-³<÷7·

90 294 288 344 Subibat
326 296 477 346 Persei
510 314 670 345 currus
705 293 806 359 ejus
843 297 983 343 armis
1019 293 1244 353 onustus,
1284 294 1365 341 ad·
1416 280 1573 320 P⁰⁶¹²l⁰

91 363 192 410 dito
209 364 496 413 diademate.
514 363 815 429 Sequebatur
834 364 1136 428 captivorum
1159 378 1360 426 agmen:
1386 358 1432 381 εχ
1454 357 1568 382 auro.

91 428 206 479 Bitis
238 430 416 498 Cotyis
449 433 571 497 regis
595 431 749 491 filius,
778 431 913 479 obses
947 433 993 477 in
1019 429 1363 476 Macedoniam
1417 421 1557 485 currus

89 515 119 546 a
158 513 290 564 patre
322 497 476 548 miffus
503 536 516 558 ‚
551 517 604 547 ac
642 499 817 547 deinde
859 515 966 546 cum
1012 495 1168 546 Persei
1206 496 1364 543 liberis
1411 476 1564 561 Per-[iz.

90 580 256 630 captus
290 586 316 616 a
345 566 578 616 Romanis
602 585 616 623 ·‚
639 582 740 614 tum
769 565 853 631 ipsi
890 564 1045 614 Persei
1077 565 1248 623 liberi,
1274 580 1366 611 co·
1430 554 1554 594 ΒΖΜ·

89 635 293 685 mitante
325 635 640 685 educatorum
675 635 726 682 ὃς
769 632 1100 700 magistrorum
1141 633 1330 698 agmine
1352 669 1366 691 ,
1412 693 1417 700 ι
1448 629 1585 700 chrscz'

90 718 259 750 manus
291 703 349 751 ad
380 701 667 768 spectatores
699 719 807 749 cum
833 702 1061 766 lacrymis
1095 692 1520 748 miserabili-llbssfl·

92 783 164 816 ter
196 771 527 828 tendentium,
563 770 615 818 &
647 770 927 818 docentium
951 785 1127 833 pueros
1150 805 1161 826 ‚
1186 767 1372 832 implo-

90 837 290 886 randam
322 838 598 904 suppliciter
633 837 825 886 victoris
877 836 1047 901 populi
1100 834 1373 883 misericor-

95 904 240 953 diam.
260 906 364 954 Filii
396 921 530 955 erant
563 905 659 953 duo
681 942 693 962 ‚
719 904 880 970 puella
907 922 1000 952 una
1020 941 1036 961 ‚
1073 904 1154 968 qui
1176 919 1236 951 eo
1264 919 1374 950 ma-

92 968 250 1035 jorem
297 975 564 1022 movebant
606 972 960 1021 miserationem
1006 970 1324 1037 spectantibus
1356 1005 1373 1030 ‚

93 1041 226 1104 qubd
260 1041 345 1106 ipfi
376 1059 462 1106 per
497 1056 686 1090 aetatem
721 1043 801 1088 vix
836 1040 959 1088 mala
991 1039 1068 1087 sua
1100 1039 1372 1105 intelligere

94 1123 342 1172 poterant.
371 1109 540 1175 Itaque
577 1109 766 1174 plurimi
803 1108 1036 1172 lacrymas
1079 1123 1243 1155 tenere
1273 1122 1372 1154 non

96 1190 392 1240 potuerunt,
428 1178 480 1226 &
515 1177 740 1225 omnibus
782 1175 998 1224 confudit
1036 1177 1250 1223 animum
1294 1190 1375 1223 ta·-

98 1245 218 1292 citus
239 1245 432 1310 quidam
466 1261 681 1301 moeror,
706 1245 788 1309 qui
814 1242 997 1292 sincero
1029 1260 1115 1292 eos
1141 1241 1230 1291 frui
1255 1259 1372 1309 gau-¹

99 1311 210 1371 dio,
256 1313 483 1377 quamdiu
515 1311 595 1360 sub
633 1313 782 1359 oculis
833 1314 966 1375 pueri
1010 1310 1232 1370 fuerunt,
1275 1328 1374 1358 non

99 1378 291 1428 smeret.
319 1379 452 1428 Pone
487 1378 610 1428 filios
646 1379 902 1428 incedebat
935 1397 1043 1428 cum
1079 1396 1227 1427 uxore
1261 1377 1374 1426 Per·
1408 1378 1588 1435 Perseus.

98 1446 233 1508 sens,
271 1449 405 1513 pullo
439 1447 642 1506 amictu,
671 1466 780 1496 cum
821 1448 1025 1512 crepidis
1060 1445 1220 1495 Graeci
1265 1464 1380 1495 mo-

101 1517 163 1563 ris
184 1553 196 1573 ‚
234 1514 440 1582 stupenti
473 1517 526 1565 &
550 1518 758 1565 attonito
783 1513 939 1564 fimilis
962 1553 978 1577 ,
1009 1515 1062 1563 ὃ(
1087 1517 1160 1564 cui
1189 1517 1382 1580 magni-‘-

102 1583 224 1631 tudo
248 1584 486 1633 malorum
521 1600 736 1633 mentem
768 1586 968 1632 omnino
995 1582 1212 1648 eripuiffe
1240 1584 1384 1632 vide-

102 1667 249 1699 retur.
269 1651 569 1718 Sequebatur
586 1654 853 1701 amicorum
881 1652 932 1700 ὃ(
960 1651 1263 1699 familiarium
1282 1666 1387 1699 tur-

103 1718 196 1776 ba,
232 1737 437 1785 quorum
485 1723 531 1768 in
565 1721 700 1769 vultu
741 1720 883 1768 dolor
917 1720 1073 1786 gravis
1105 1720 1349 1768 eminebat
1370 1757 1385 1779 ,
1418 1722 1432 1733 ”

112 1789 290 1853 quique
321 1807 465 1854 quum
499 1786 687 1854 semper
722 1789 891 1837 oculos
923 1792 970 1835 in
1020 1805 1131 1836 eum
1179 1785 1385 1852 figerent

105 1855 333 1921 lacrymis
369 1859 578 1923 rigantes
610 1875 730 1912 ora,
758 1856 862 1904 satis
895 1856 1168 1904 indicabant
1199 1854 1294 1903 sese
1330 1857 1388 1903 il-

106 1923 194 1971 lius
228 1924 396 1972 dolere
439 1926 571 1972 malis
594 1962 608 1984 ‚
647 1924 840 1973 suorum
874 1926 1201 1972 immemores⁸
1247 1924 1389 1972 Hanc

109 1991 306 2056 quidem
344 1994 658 2058 ignominiam
699 1992 985 2058 deprecatus
1025 2004 1126 2040 erat
1157 1990 1388 2050 Perseus,

110 2057 254 2108 miffis
285 2059 345 2107 ad
368 2059 612 2108 AErnilium
634 2098 647 2119 ,
669 2062 750 2125 qui
775 2075 963 2108 orarent
986 2077 1046 2108 ne
1074 2062 1120 2107 in
1145 2059 1390 2125 triumpho

19 2172 35 2178 ,
59 2179 66 2184 ,
112 2126 382 2175 duceretur.
405 2126 522 2175 Risit
539 2128 756 2176 AEmilius
784 2129 990 2177 hominis
1011 2128 1282 2194 ignaviam,
1310 2128 1392 2186 δι,

65 2194 77 2202 ”
115 2195 178 2243 Id
204 2197 412 2259 quidem,
446 2197 629 2260 inquit,
654 2197 701 2243 in
738 2197 880 2261 ipsius
916 2196 960 2243 ὅ)
987 2198 1156 2261 pridem
1181 2194 1315 2260 fuit,
1346 2195 1391 2242 δ’

115 2281 235 2310 nunc
272 2265 327 2328 est
360 2281 496 2311 manu
530 2282 585 2311 ac
610 2265 824 2329 potestate
855 2265 1037 2313 etacite
1073 2279 1311 2322 monens,
1339 2275 1392 2310 ut

115 2331 352 2394 generosa
388 2346 546 2379 morte
577 2333 625 2379 id
655 2332 788 2398 quod
811 2332 1056 2381 metuebat
1082 2331 1290 2379 dedecus
1315 2328 1392 2377 ef-

114 2397 322 2464 fugeret.
354 2397 451 2447 Sed
479 2398 600 2447 forte
637 2398 885 2450 consilium
918 2416 1019 2448 non
1052 2398 1236 2447 admisit
1271 2397 1391 2446 moi·
1439 2416 1603 2455 Coronae

116 2465 172 2513 lis
202 2468 384 2514 animus
405 2503 418 2524 ‚
449 2466 500 2514 ὃ(
527 2467 687 2517 nescio
728 2470 817 2532 qua
851 2466 932 2532 spe
967 2467 1189 2515 delini-:us
1226 2466 1390 2514 maluit
1407 2490 1528 2514 anreae

119 2534 166 2582 in
197 2534 366 2597 praedae
401 2533 491 2582 suae
535 2550 668 2600 parte
710 2535 809 2600 ipse
846 2537 1099 2583 numerari.
1137 2534 1389 2599 Quadrin-
1409 2537 1557 2577 Paullo

119 2615 276 2669 gentae
308 2602 421 2655 inde
455 2619 647 2654 coronae
674 2620 828 2655 aureae
855 2604 1166 2670 portabantur
1185 2640 1200 2664 ‚
1226 2600 1580 2653 Pau110d0na:=e2
