1670 3068
347 93 704 149 Ltssssn
805 91 1031 147 XLV.
1198 93 1309 165 45²1

49 185 249 220 rentur:
282 173 330 220 in
362 172 596 221 Achaiam
631 187 689 218 ex
728 169 897 219 decem
922 171 1193 237 legatorum
1227 191 1318 221 nu·
1340 187 1532 238 U·‘·-585.

49 256 186 287 mero
219 239 421 306 profecti
458 240 555 288 duo
573 276 592 298 ,
628 236 690 287 C.
717 236 946 286 Claudius
969 276 982 298 ,
1013 240 1063 286 ὅ(
1089 238 1182 289 Cn.
1209 239 1323 289 Do·
1341 243 1538 293 3.C.167.

50 309 210 356 mitius
232 345 246 367 ,
281 324 331 356 ut
359 306 444 374 ipsi
467 308 626 355 edicto
660 321 938 355 evocarent.
970 304 1024 354 Id
1052 307 1234 355 duabus
1264 309 1336 357 de*

50 373 195 423 causis
227 375 402 423 factum
426 392 436 422 :
470 392 559 423 una
584 412 601 432 ,
631 376 762 438 quod
789 373 973 422 fiduciae
1008 374 1114 439 plus
1135 377 1327 422 animo-

50 459 253 509 rumque
280 441 373 491 esse
408 442 598 489 Achaeis
634 442 692 489 ael
727 458 827 490 non
861 443 1127 507 parendum
1159 442 1331 490 crede-

50 509 200 570 bant,
234 511 286 558 &
314 509 506 558 forsitan
534 511 678 558 etiam
715 510 760 556 in
793 511 1007 574 periculo
1045 509 1150 558 fore
1185 508 1333 558 Calli-

52 592 229 626 cratem
257 578 307 625 &
337 593 525 627 ceteros
547 578 799 625 criminum
830 584 1046 625 auctores
1075 577 1336 627 delatores-

53 661 148 711 que
174 663 185 693 :
218 646 367 694 altera
392 683 406 706 ,
444 664 525 693 cur
563 644 822 711 praesentes
860 661 1122 693 evocarent
1145 671 1178 705 ‚>
1200 644 1335 693 causa

53 728 154 778 erat
175 751 190 774 ‚
220 714 352 779 qubd
384 730 443 762 ex
476 714 577 761 aliis
608 712 829 778 gentibus
863 715 1130 778 principum
1154 714 1335 762 litteras

55 780 377 847 deprehensas
409 782 458 828 in
487 781 848 830 commentariis
887 783 1025 847 regiis
1058 781 1335 840 habebant3

53 849 103 896 in
141 848 333 897 Achaeis
370 866 547 897 caecum
582 863 683 898 erat
713 849 892 896 crimen
923 886 937 907 ‚
984 848 1122 896 nullis
1164 865 1336 897 eorum

55 916 226 965 litteris
266 917 495 966 inventis.
538 915 712 964 AEtolis
757 913 949 963 dimissis
976 953 991 974 ‚
1028 917 1336 964 Acarnanum

56 985 200 1032 citata
237 1001 392 1051 gens:
427 986 475 1032 in
506 984 576 1032 his
620 983 738 1030 nihil
781 998 1015 1031 novatum
1038 1022 1051 1043 ,
1086 984 1169 1031 nisi
1202 985 1338 1048 qubd

55 1049 240 1100 Leucas
259 1066 484 1117 exempta
508 1051 574 1100 est
595 1050 901 1099 Acarnanum
923 1053 1150 1100 concilio.
1175 1051 1339 1116 Quae-

53 1121 210 1168 tendo
237 1120 413 1169 deinde
449 1120 588 1169 latius
611 1157 624 1179 ‚
653 1119 733 1185 qui
764 1120 953 1183 publice
991 1134 1069 1167 aut
1109 1121 1337 1183 privatim

0 1203 5 1213 ’
54 1190 261 1253 partium
283 1190 410 1255 regis
437 1186 623 1236 fuiffent
641 1222 655 1244 ‚
692 1189 739 1236 in
765 1185 929 1234 Asiam
956 1204 1150 1253 quoque
1174 1190 1340 1253 cogni-

58 1257 245 1304 tionem
274 1255 537 1304 extendere
572 1273 582 1303 ε
624 1255 676 1302 δε
716 1253 774 1302 ad
811 1253 1047 1302 Antiffam
1089 1257 1134 1302 in
1176 1255 1339 1305 Lesbo

57 1323 204 1372 insula
247 1322 530 1372 diruendam
561 1359 575 1382 ,
627 1322 951 1371 traducendos
994 1322 1343 1388 Methymnam

58 1389 314 1441 Antissaeos
338 1429 353 1451 ‚
391 1390 675 1439 Labeonem
714 1389 941 1439 miserunt
971 1396 989 1438 ε’
1021 1391 1156 1455 qubd
1179 1390 1344 1440 Ante-

1 1474 6 1476 ·
57 1469 237 1507 norem·
259 1497 274 1521 ,
303 1460 487 1525 regium
525 1456 832 1525 praefectum,
865 1477 962 1524 quo
987 1473 1210 1524 tempore
1231 1477 1342 1507 cum

58 1527 232 1576 lembis
266 1529 392 1575 circa
414 1526 623 1575 Lesbum
646 1523 710 1574 est
735 1543 935 1592 vagatus
956 1564 969 1586 ‚
1001 1543 1143 1591 portu
1163 1544 1346 1592 recep-

65 1609 168 1643 tum
213 1595 565 1643 commeatibus
616 1592 851 1656 iuviffeiit.
900 1593 1018 1642 Duo
1052 1594 1199 1643 securi
1227 1612 1346 1660 per-

62 1660 174 1710 cuffi
196 1665 285 1711 viri
312 1661 516 1729 insignes
544 1680 553 1710 :
586 1661 893 1710 Andronicus
925 1661 1193 1711 Andronici
1218 1662 1342 1712 filius

62 1730 255 1778 AEtolus
286 1768 302 1790 ,
349 1731 480 1796 qubd
505 1744 690 1795 patrem
722 1728 945 1795 sequutus
972 1767 986 1788 ‚
1018 1748 1145 1778 arma
1173 1746 1342 1780 contra

63 1798 298 1864 populum
322 1797 601 1847 Romanum
621 1796 794 1846 tulisset
813 1814 827 1857 3
856 1798 905 1846 ἃ
921 1796 1032 1846 Neo
1048 1797 1312 1847 Thebanus
1328 1836 1344 1858 ‚

64 1884 163 1930 quo
197 1865 388 1915 auclore
422 1866 701 1916 societatem
742 1883 853 1914 cum
882 1864 1057 1915 Perseo
1087 1863 1346 1932 junxerant

65 1933 242 1982 Boeoti.

135 1999 345 2050 XXXII.
391 2000 481 2049 His
512 2018 670 2050 rerum
711 2016 1017 2050 externarum
1052 2002 1346 2068 cognitioni-

63 2069 152 2117 bus
188 2068 510 2134 interpositis,
558 2069 892 2118 Macedonum
936 2068 1086 2118 rursus
1123 2069 1345 2118 advoca-

67 2151 169 2184 tum
203 2137 460 2184 concilium
490 2154 500 2184 :
543 2139 902 2202 pronuntiatum
935 2175 950 2197 ‚
998 2139 1139 2201 Quod
1165 2140 1230 2184 ad
1249 2140 1345 2203 sta-

1 2225 10 2233 ·
70 2219 162 2252 tum
205 2207 492 2252 Macedoniae
517 2207 741 2270 pertineat
767 2244 784 2263 ,
814 2205 1077 2270 senatores,
1109 2223 1221 2270 quos
1248 2208 1342 2270 Sy-

69 2274 225 2337 rgedros
244 2288 412 2320 vocant
429 2310 446 2330 ,
474 2273 680 2339 legendos
699 2269 778 2335 eſj'e
799 2310 816 2330 ‚
849 2291 1033 2337 quorum
1051 2273 1235 2336 consilio
1255 2270 1340 2335 rest
1394 2307 1431 2349 P
1460 2309 1469 2318 .
1526 2312 1536 2321 .

62 2340 252 2406 publica
298 2341 686 2405 administraretur.
738 2339 960 2388 Nomina>
1008 2340 1184 2389 deinde
1233 2339 1338 2388 sunt
1386 2326 1555 2414 esrffg:

67 2407 264 2456 recitata
306 2409 576 2472 principum
623 2407 957 2456 Macedonum
993 2445 1008 2467 ,
1063 2425 1186 2474 quos
1230 2425 1337 2455 cum
1359 2435 1524 2476 cedones

68 2476 225 2523 liberis
248 2473 503 2537 majoribus
536 2474 679 2540 quam
704 2476 981 2541 quindecim
1010 2493 1163 2524 annos
1189 2477 1340 2536 natis,
1359 2490 1402 2534 2‘12
1435 2494 1524 2536 Ita·

72 2543 345 2609 praecedere
375 2544 422 2589 in
458 2542 639 2591 ltaliam
675 2545 901 2609 placeret.
929 2542 983 2591 Id
1015 2544 1167 2607 prima
1185 2543 1340 2608 specie
1361 2555 1455 2596 liam
1473 2559 1540 2599 ab·

71 2609 248 2659 saevum
267 2648 280 2669 ‚
311 2628 425 2658 mox
449 2612 667 2677 apparuit
694 2611 986 2662 multitudini
1015 2610 1344 2728 {Ikacedonum
1365 2616 1504 2675 legati.

149 2683 271 2728 Tum.
311 2681 398 2730 Vl.
1064 2678 1080 2689 ⁷
