1670 3068
311 109 386 184 76
608 111 1303 171 T1T1L1v11

102 200 290 252 U.C.569.
313 191 412 238 ctos
433 228 446 251 ,
473 194 624 242 tenuit
644 211 657 251 3
678 194 848 260 quibus
891 194 1006 242 dum
1041 195 1202 243 locum
1235 196 1292 243 ad
1317 195 1595 246 evadendas

99 257 288 310 23³3}
311 260 546 326 angustias
585 263 812 327 cogendo
854 261 955 328 ipse
987 280 1163 329 agmen
1201 267 1424 330 praebet,
1462 264 1595 313 susti-

310 344 431 377 nens
462 330 672 395 impetus
707 329 948 388 hostium3
971 331 1198 397 prolapso
1229 349 1354 398 equo
1378 369 1391 392 ,
1427 331 1480 380 &
1509 332 1593 382 suo

307 395 407 461 ipse
446 396 585 456 casu,
618 397 672 445 &
711 415 860 446 onere
907 400 1017 463 equi
1056 398 1194 464 super
1225 417 1336 448 eum
1381 398 1592 462 ruentis,

304 463 435 512 haud
470 464 676 513 multum
713 464 866 513 abfuit
906 468 1022 531 quin
1053 468 1405 517 exanimaretur
1442 505 1456 528 3
1512 469 1593 518 se-

306 534 556 599 ptuaginta
580 550 732 581 annos
761 531 858 598 jam
885 548 1052 591 natm,
1083 534 1135 582 ὃ(
1156 535 1343 584 diutino
1372 537 1550 585 morbo
1574 574 1592 598 3

307 617 367 647 ex
404 618 503 665 quo
529 616 632 649 tum
667 603 877 667 primum
912 601 1252 661 reficiebatur,
1282 604 1462 652 viribus
1500 605 1592 652 ad-

303 669 509 716 modum
548 672 823 719 attenuatiS.
863 669 1115 719 Jacentem
1158 670 1318 720 hostes
1361 671 1592 738 superfusi

304 737 643 802 oppresserunt
687 757 697 787 z
743 741 1090 806 cognitumque
1134 742 1345 806 primum
1379 759 1406 788 a
1443 758 1590 790 vere-

303 806 480 853 cundia
535 809 870 873 memoriaque
928 809 1214 857 meritorum
1274 808 1402 857 haud
1455 808 1589 858 secus

304 872 450 939 quam
491 874 665 923 ducem
702 875 837 924 suum
864 877 1115 936 attollunt,
1153 874 1466 942 reficiuntque
1488 915 1505 935 ,
1537 878 1590 926 &

303 958 366 990 ex
397 943 523 993 valle
559 943 700 992 devia
728 945 777 992 in
807 946 938 993 viam
966 960 1188 1011 portant,
1211 947 1292 994 vix
1311 945 1589 1011 sibimetipsi

302 1028 402 1076 prae
439 1014 739 1078 necopinato
773 1013 949 1080 gaudio
985 1014 1243 1062 credentes
1277 1030 1291 1072 3
1324 1031 1431 1080 pars
1463 1032 1590 1062 nun-

302 1080 400 1128 tios
439 1078 693 1130 Messenen
742 1085 1039 1148 praemittunt
1063 1120 1077 1141 3
1117 1082 1411 1131 debellatum
1449 1079 1543 1130 esse
1571 1118 1588 1142 ‚

300 1145 726 1215 Philopoemenem
752 1167 946 1217 captum
980 1150 1170 1199 adduci.
1214 1149 1423 1199 Primum
1460 1150 1588 1199 adeo

301 1217 596 1268 incredibilis
631 1218 730 1267 visa
763 1236 836 1269 res
861 1259 875 1278 ,
909 1234 962 1268 ut
979 1238 1078 1268 non
1113 1237 1203 1284 pro
1231 1237 1360 1268 vano
1396 1219 1586 1278 modo,

300 1285 384 1333 sed
418 1289 498 1335 vix
536 1306 625 1352 pro
659 1287 772 1337 sano
796 1291 988 1337 nuntius
1021 1288 1261 1336 audiretur
1288 1305 1302 1347 3
1335 1287 1512 1339 deinde
1535 1301 1586 1335 ut

300 1352 440 1420 super
469 1356 613 1404 alium
642 1357 757 1404 alius
789 1357 919 1405 idem
956 1373 1127 1404 omnes
1167 1353 1461 1404 affirmantes
1493 1372 1588 1405 ve—

300 1423 500 1472 niebant
523 1462 538 1484 ‚
570 1425 765 1474 tandem
796 1425 918 1473 facia
949 1424 1072 1473 fides
1096 1424 1181 1483 3&
1211 1425 1480 1490 priusquam
1501 1442 1586 1490 ap-

300 1494 630 1558 propinquare
662 1494 764 1541 urbi
799 1493 906 1542 satis
932 1492 1135 1552 scirent,
1171 1494 1230 1540 ad
1262 1492 1586 1558 spectaculum

302 1577 474 1609 omnes
505 1561 639 1609 simul
663 1562 800 1609 liberi
824 1580 878 1610 ac
906 1561 1063 1621 servi,
1094 1563 1230 1627 pueri
1257 1578 1451 1627 quoque
1474 1578 1586 1609 cum

300 1626 493 1677 feminis
526 1628 1055 1695 effunduntur3itaque
1091 1627 1352 1678 clauserant
1392 1643 1588 1696 portam

300 1697 481 1757 turbae,
518 1714 547 1759 9
577 1700 692 1747 dum
719 1716 808 1764 pro
844 1698 888 1747 se
918 1698 1149 1765 quisque,
1181 1697 1265 1745 nisi
1299 1697 1397 1763 ipse
1433 1699 1586 1747 oculis

299 1764 391 1813 suis
414 1766 712 1826 credidisset,
739 1769 819 1814 vix
853 1785 942 1834 pro
979 1781 1231 1831 comperta
1264 1781 1446 1815 tantam
1479 1783 1585 1816 rem

301 1833 549 1883 habiturus
591 1836 855 1883 videretur.
893 1835 1042 1901 AEgre
1077 1835 1439 1884 summoventes
1489 1835 1586 1883 ob-

301 1903 411 1950 vios
439 1905 613 1952 intrare
643 1920 834 1970 portam
855 1941 868 1963 ,
897 1906 977 1969 qui
1008 1902 1312 1952 adducebant
1332 1903 1586 1970 Philopoe-

296 1988 531 2032 menem,
563 1986 828 2039 potuerunt
851 1988 866 2032 3
887 1987 1032 2038 atque
1063 1972 1201 2020 turba
1233 1970 1452 2021 conferta
1493 1974 1584 2021 iter

296 2040 536 2106 reliquum
573 2039 800 2089 clauserat
824 2058 834 2088 ε
863 2041 913 2089 &
945 2057 1094 2106 quum
1131 2057 1238 2105 pars
1260 2041 1470 2089 maxima
1498 2057 1587 2089 ex·-

298 2108 427 2157 clusa
472 2127 497 2157 a
543 2108 814 2175 spectaculo
855 2107 1008 2167 effet,
1050 2109 1291 2157 theatrum
1339 2109 1580 2174 repente,

297 2176 434 2242 quod
460 2179 553 2225 viae
583 2179 912 2244 propinquum
943 2192 1075 2238 erat,
1104 2178 1507 2243 compleverunt,
1530 2178 1583 2226 &

295 2260 349 2294 ut
379 2246 440 2294 eb
474 2247 523 2293 in
558 2245 865 2312 conspeffium
892 2246 1061 2312 populi
1098 2245 1451 2306 adduceretur,
1488 2246 1585 2294 una

293 2331 425 2364 voce
453 2331 625 2363 ornnes
654 2315 998 2381 exposcebant.
1027 2312 1330 2381 Magistratus
1364 2315 1415 2362 ἃ
1452 2316 1583 2381 prin-

296 2384 430 2448 cipes
457 2384 600 2433 veriti
635 2400 694 2432 ne
721 2401 867 2450 quem
899 2397 1087 2431 motum
1114 2382 1438 2431 misericordia
1463 2400 1583 2449 prae-

292 2450 436 2500 sentis
466 2453 584 2499 tanti
620 2454 710 2502 viri
742 2452 924 2501 faceret
950 2489 963 2512 3
999 2469 1148 2517 quum
1183 2452 1302 2501 alios
1334 2468 1580 2501 verecun-

355 2558 380 2596 9
404 2547 512 2586 Dum
527 2544 656 2602 prose
677 2544 902 2602 ‹pisis-uem.
967 2542 1017 2583 fic
1066 2544 1248 2598 scripsisse
1292 2544 1462 2585 Livium.
1498 2543 1581 2584 Nifi

292 2606 521 2662 videretur]
544 2610 675 2664 Magis
693 2612 874 2662 placeret
889 2635 901 2654 ,
969 2615 1065 2654 loco
1083 2610 1141 2660 τὲ
1158 2616 1243 2656 dum
1278 2613 1494 2671 legendum
1524 2613 1581 2657 est

296 2669 478 2711 viderur:
501 2686 546 2714 ac
581 2673 647 2714 vix
680 2672 905 2716 dubitamus
970 2692 1096 2733 quum.
