<?xml version="1.0" encoding="UTF-8"?>
<!DOCTYPE html PUBLIC "-//W3C//DTD XHTML 1.0 Transitional//EN"
    "http://www.w3.org/TR/xhtml1/DTD/xhtml1-transitional.dtd">
<html xmlns="http://www.w3.org/1999/xhtml" xml:lang="en" lang="en">
 <head>
  <title>
</title>
<meta http-equiv="Content-Type" content="text/html;charset=utf-8" />
  <meta name='ocr-system' content='tesseract 3.04.00' />
  <meta name='ocr-capabilities' content='ocr_page ocr_carea ocr_par ocr_line ocrx_word'/>
</head>
<body>
  <div class='ocr_page' id='page_1' title='image "./tliviipatavinihi0302livy/tliviipatavinihi0302livy_0038.png"; bbox 0 0 1670 3068; ppageno 0'>
   <div class='ocr_carea' id='block_1_1' title="bbox 56 105 1626 1762">
    <p class='ocr_par' dir='ltr' id='par_1_1' title="bbox 56 105 1626 326">
     <span class='ocr_line' id='line_1_1' title="bbox 265 105 1277 183; baseline 0.002 -18"><span class='ocrx_word' id='word_1_1' title='bbox 265 122 342 183; x_wconf 83' lang='lat'>34</span> <span class='ocrx_word' id='word_1_2' title='bbox 568 105 624 166; x_wconf 93' lang='lat' dir='ltr'><strong>T</strong></span> <span class='ocrx_word' id='word_1_3' title='bbox 669 124 689 165; x_wconf 90' lang='lat'>1</span> <span class='ocrx_word' id='word_1_4' title='bbox 734 126 775 166; x_wconf 84' lang='grc' dir='ltr'>τ</span> <span class='ocrx_word' id='word_1_5' title='bbox 820 125 844 165; x_wconf 93' lang='lat'>1</span> <span class='ocrx_word' id='word_1_6' title='bbox 942 110 988 166; x_wconf 91' lang='lat' dir='ltr'>L</span> <span class='ocrx_word' id='word_1_7' title='bbox 1034 126 1054 165; x_wconf 91' lang='lat'>1</span> <span class='ocrx_word' id='word_1_8' title='bbox 1100 116 1145 166; x_wconf 73' lang='lat' dir='ltr'>v</span> <span class='ocrx_word' id='word_1_9' title='bbox 1187 126 1210 166; x_wconf 90' lang='lat'>1</span> <span class='ocrx_word' id='word_1_10' title='bbox 1253 126 1277 167; x_wconf 93' lang='lat'>1</span> 
     </span>
     <span class='ocr_line' id='line_1_2' title="bbox 57 187 1626 258; baseline 0.003 -23"><span class='ocrx_word' id='word_1_11' title='bbox 57 202 373 255; x_wconf 64' lang='lat' dir='ltr'>U.c.556,nam</span> <span class='ocrx_word' id='word_1_12' title='bbox 400 187 570 249; x_wconf 80' lang='lat' dir='ltr'>venit3</span> <span class='ocrx_word' id='word_1_13' title='bbox 596 191 759 256; x_wconf 82' lang='lat' dir='ltr'>paucis</span> <span class='ocrx_word' id='word_1_14' title='bbox 789 189 900 239; x_wconf 71' lang='lat' dir='ltr'>ante</span> <span class='ocrx_word' id='word_1_15' title='bbox 929 190 1098 241; x_wconf 87' lang='lat' dir='ltr'>diebus</span> <span class='ocrx_word' id='word_1_16' title='bbox 1120 189 1408 257; x_wconf 80' lang='lat' dir='ltr'>Calpurnius</span> <span class='ocrx_word' id='word_1_17' title='bbox 1427 208 1549 258; x_wconf 80' lang='lat' dir='ltr'>pro-</span> <span class='ocrx_word' id='word_1_18' title='bbox 1624 228 1626 231; x_wconf 83' lang='lat'><em>-</em></span> 
     </span>
     <span class='ocr_line' id='line_1_3' title="bbox 56 254 1547 326; baseline 0.005 -26"><span class='ocrx_word' id='word_1_19' title='bbox 56 254 411 306; x_wconf 68' lang='lat' dir='ltr'>a.C.186.fe6lus</span> <span class='ocrx_word' id='word_1_20' title='bbox 447 272 566 305; x_wconf 87' lang='lat' dir='ltr'>erat.</span> <span class='ocrx_word' id='word_1_21' title='bbox 596 258 657 307; x_wconf 88' lang='lat' dir='ltr'>Et</span> <span class='ocrx_word' id='word_1_22' title='bbox 688 261 736 306; x_wconf 88' lang='lat' dir='ltr'>in</span> <span class='ocrx_word' id='word_1_23' title='bbox 769 260 992 308; x_wconf 85' lang='lat' dir='ltr'>citeriore</span> <span class='ocrx_word' id='word_1_24' title='bbox 1023 258 1286 326; x_wconf 76' lang='lat' dir='ltr'>Hispania,</span> <span class='ocrx_word' id='word_1_25' title='bbox 1320 260 1379 313; x_wconf 88' lang='lat' dir='ltr'>L.</span> <span class='ocrx_word' id='word_1_26' title='bbox 1400 259 1547 308; x_wconf 89' lang='lat' dir='ltr'>Man-</span> 
     </span>
    </p>

    <p class='ocr_par' dir='ltr' id='par_1_2' title="bbox 257 324 1546 394">
     <span class='ocr_line' id='line_1_4' title="bbox 257 324 1546 394; baseline 0.002 -21"><span class='ocrx_word' id='word_1_27' title='bbox 257 324 349 374; x_wconf 83' lang='lat' dir='ltr'>lius</span> <span class='ocrx_word' id='word_1_28' title='bbox 381 324 646 387; x_wconf 76' lang='lat' dir='ltr'>A&#39;cidinus,</span> <span class='ocrx_word' id='word_1_29' title='bbox 677 328 758 392; x_wconf 87' lang='lat' dir='ltr'>qui</span> <span class='ocrx_word' id='word_1_30' title='bbox 799 328 980 386; x_wconf 89' lang='lat' dir='ltr'>eodem</span> <span class='ocrx_word' id='word_1_31' title='bbox 1017 342 1245 394; x_wconf 88' lang='lat' dir='ltr'>tempore</span> <span class='ocrx_word' id='word_1_32' title='bbox 1278 366 1292 389; x_wconf 82' lang='grc'><strong>,</strong></span> <span class='ocrx_word' id='word_1_33' title='bbox 1330 346 1428 394; x_wconf 91' lang='lat' dir='ltr'>quo</span> <span class='ocrx_word' id='word_1_34' title='bbox 1481 326 1546 377; x_wconf 90' lang='lat' dir='ltr'>C.</span> 
     </span>
    </p>

    <p class='ocr_par' dir='ltr' id='par_1_3' title="bbox 257 392 1550 460">
     <span class='ocr_line' id='line_1_5' title="bbox 257 392 1550 460; baseline 0.002 -18"><span class='ocrx_word' id='word_1_35' title='bbox 257 392 484 454; x_wconf 77' lang='lat' dir='ltr'>Atiniu3‚</span> <span class='ocrx_word' id='word_1_36' title='bbox 520 395 570 443; x_wconf 90' lang='lat' dir='ltr'>in</span> <span class='ocrx_word' id='word_1_37' title='bbox 611 396 915 460; x_wconf 88' lang='lat' dir='ltr'>provinciam</span> <span class='ocrx_word' id='word_1_38' title='bbox 948 397 1092 455; x_wconf 71' lang='lat' dir='ltr'>ierat,</span> <span class='ocrx_word' id='word_1_39' title='bbox 1135 413 1244 444; x_wconf 89' lang='lat' dir='ltr'>cum</span> <span class='ocrx_word' id='word_1_40' title='bbox 1289 394 1550 445; x_wconf 84' lang='lat' dir='ltr'>Celtiberis</span> 
     </span>
    </p>

    <p class='ocr_par' dir='ltr' id='par_1_4' title="bbox 256 462 1551 524">
     <span class='ocr_line' id='line_1_6' title="bbox 256 462 1551 524; baseline 0.001 -14"><span class='ocrx_word' id='word_1_41' title='bbox 256 464 360 511; x_wconf 84' lang='lat' dir='ltr'>acie</span> <span class='ocrx_word' id='word_1_42' title='bbox 395 462 653 521; x_wconf 82' lang='lat' dir='ltr'>conflixit3</span> <span class='ocrx_word' id='word_1_43' title='bbox 687 463 871 511; x_wconf 65' lang='lat' dir='ltr'>incerta</span> <span class='ocrx_word' id='word_1_44' title='bbox 906 462 1111 510; x_wconf 60' lang='lat' dir='ltr'>viciosi&amp;</span> <span class='ocrx_word' id='word_1_45' title='bbox 1152 463 1398 513; x_wconf 74' lang='lat' dir='ltr'>discessum</span> <span class='ocrx_word' id='word_1_46' title='bbox 1441 463 1507 512; x_wconf 85' lang='lat' dir='ltr'>est</span> <span class='ocrx_word' id='word_1_47' title='bbox 1531 501 1551 524; x_wconf 11' lang='grc' dir='ltr'>,γ</span> 
     </span>
    </p>

    <p class='ocr_par' dir='ltr' id='par_1_5' title="bbox 257 529 1550 598">
     <span class='ocr_line' id='line_1_7' title="bbox 257 529 1550 598; baseline 0 -19"><span class='ocrx_word' id='word_1_48' title='bbox 257 529 343 579; x_wconf 80' lang='lat' dir='ltr'>nisi</span> <span class='ocrx_word' id='word_1_49' title='bbox 380 530 516 597; x_wconf 81' lang='lat' dir='ltr'>quod</span> <span class='ocrx_word' id='word_1_50' title='bbox 547 529 785 579; x_wconf 83' lang='lat' dir='ltr'>Celtiberi</span> <span class='ocrx_word' id='word_1_51' title='bbox 817 529 963 578; x_wconf 82' lang='lat' dir='ltr'>castra</span> <span class='ocrx_word' id='word_1_52' title='bbox 996 530 1109 579; x_wconf 88' lang='lat' dir='ltr'>inde</span> <span class='ocrx_word' id='word_1_53' title='bbox 1142 531 1286 580; x_wconf 64' lang='lat' dir='ltr'>nocie</span> <span class='ocrx_word' id='word_1_54' title='bbox 1324 533 1550 598; x_wconf 62' lang='lat' dir='ltr'>proxima</span> 
     </span>
    </p>

    <p class='ocr_par' dir='ltr' id='par_1_6' title="bbox 252 597 1566 1144">
     <span class='ocr_line' id='line_1_8' title="bbox 255 597 1549 665; baseline 0.001 -18"><span class='ocrx_word' id='word_1_55' title='bbox 255 612 553 647; x_wconf 87' lang='lat' dir='ltr'>moverunt:</span> <span class='ocrx_word' id='word_1_56' title='bbox 576 597 815 647; x_wconf 85' lang='lat' dir='ltr'>Romanis</span> <span class='ocrx_word' id='word_1_57' title='bbox 841 599 895 647; x_wconf 85' lang='lat'>&amp;</span> <span class='ocrx_word' id='word_1_58' title='bbox 912 598 1019 647; x_wconf 80' lang='lat' dir='ltr'>suos</span> <span class='ocrx_word' id='word_1_59' title='bbox 1043 598 1343 665; x_wconf 79' lang='lat' dir='ltr'>sepeliendi,</span> <span class='ocrx_word' id='word_1_60' title='bbox 1363 599 1549 665; x_wconf 78' lang='lat' dir='ltr'>&amp;spo-</span> 
     </span>
     <span class='ocr_line' id='line_1_9' title="bbox 255 664 1549 733; baseline 0.001 -19"><span class='ocrx_word' id='word_1_61' title='bbox 255 667 318 715; x_wconf 89' lang='lat' dir='ltr'>lia</span> <span class='ocrx_word' id='word_1_62' title='bbox 345 666 540 733; x_wconf 79' lang='lat' dir='ltr'>legendi</span> <span class='ocrx_word' id='word_1_63' title='bbox 577 683 638 715; x_wconf 83' lang='lat' dir='ltr'>ex</span> <span class='ocrx_word' id='word_1_64' title='bbox 670 666 885 716; x_wconf 86' lang='lat' dir='ltr'>hostibus</span> <span class='ocrx_word' id='word_1_65' title='bbox 919 666 1128 733; x_wconf 82' lang='lat' dir='ltr'>potestas</span> <span class='ocrx_word' id='word_1_66' title='bbox 1155 667 1275 716; x_wconf 62' lang='lat' dir='ltr'>facia</span> <span class='ocrx_word' id='word_1_67' title='bbox 1307 664 1403 717; x_wconf 60' lang='lat' dir='ltr'>est.²</span> <span class='ocrx_word' id='word_1_68' title='bbox 1427 667 1549 716; x_wconf 87' lang='lat' dir='ltr'>Pau-</span> 
     </span>
     <span class='ocr_line' id='line_1_10' title="bbox 254 733 1566 800; baseline 0.005 -18"><span class='ocrx_word' id='word_1_69' title='bbox 254 752 339 783; x_wconf 88' lang='lat' dir='ltr'>cos</span> <span class='ocrx_word' id='word_1_70' title='bbox 369 734 476 800; x_wconf 88' lang='lat' dir='ltr'>post</span> <span class='ocrx_word' id='word_1_71' title='bbox 499 734 634 795; x_wconf 85' lang='lat' dir='ltr'>dies,</span> <span class='ocrx_word' id='word_1_72' title='bbox 669 734 837 784; x_wconf 66' lang='lat' dir='ltr'>coac‘to</span> <span class='ocrx_word' id='word_1_73' title='bbox 874 733 1063 799; x_wconf 74' lang='lat' dir='ltr'>majore</span> <span class='ocrx_word' id='word_1_74' title='bbox 1100 738 1345 796; x_wconf 85' lang='lat' dir='ltr'>exercitu,</span> <span class='ocrx_word' id='word_1_75' title='bbox 1383 733 1566 788; x_wconf 81' lang='lat' dir='ltr'>Celti--</span> 
     </span>
     <span class='ocr_line' id='line_1_11' title="bbox 252 801 1549 871; baseline 0 -18"><span class='ocrx_word' id='word_1_76' title='bbox 252 803 361 853; x_wconf 83' lang='lat' dir='ltr'>beri</span> <span class='ocrx_word' id='word_1_77' title='bbox 381 804 441 852; x_wconf 81' lang='lat' dir='ltr'>ad</span> <span class='ocrx_word' id='word_1_78' title='bbox 459 801 763 871; x_wconf 82' lang='lat' dir='ltr'>Calagurrim</span> <span class='ocrx_word' id='word_1_79' title='bbox 799 804 1036 870; x_wconf 88' lang='lat' dir='ltr'>oppidum</span> <span class='ocrx_word' id='word_1_80' title='bbox 1060 804 1186 854; x_wconf 89' lang='lat' dir='ltr'>ultro</span> <span class='ocrx_word' id='word_1_81' title='bbox 1211 802 1549 854; x_wconf 73' lang='lat' dir='ltr'>lacessiverunt</span> 
     </span>
     <span class='ocr_line' id='line_1_12' title="bbox 254 871 1549 939; baseline 0 -19"><span class='ocrx_word' id='word_1_82' title='bbox 254 872 427 938; x_wconf 89' lang='lat' dir='ltr'>praelio</span> <span class='ocrx_word' id='word_1_83' title='bbox 452 871 726 922; x_wconf 83' lang='lat' dir='ltr'>Romanos.</span> <span class='ocrx_word' id='word_1_84' title='bbox 746 871 880 921; x_wconf 90' lang='lat' dir='ltr'>Nihil</span> <span class='ocrx_word' id='word_1_85' title='bbox 913 873 1114 921; x_wconf 83' lang='lat' dir='ltr'>traditur</span> <span class='ocrx_word' id='word_1_86' title='bbox 1130 890 1264 939; x_wconf 76' lang='lat' dir='ltr'>,quae</span> <span class='ocrx_word' id='word_1_87' title='bbox 1285 872 1423 922; x_wconf 83' lang='lat' dir='ltr'>causa</span> <span class='ocrx_word' id='word_1_88' title='bbox 1455 891 1549 921; x_wconf 88' lang='lat' dir='ltr'>nu-</span> 
     </span>
     <span class='ocr_line' id='line_1_13' title="bbox 253 939 1551 1008; baseline 0 -19"><span class='ocrx_word' id='word_1_89' title='bbox 253 957 396 990; x_wconf 88' lang='lat' dir='ltr'>mero</span> <span class='ocrx_word' id='word_1_90' title='bbox 416 940 558 990; x_wconf 68' lang='lat' dir='ltr'>auclo</span> <span class='ocrx_word' id='word_1_91' title='bbox 575 939 866 990; x_wconf 86' lang='lat' dir='ltr'>infirmiores</span> <span class='ocrx_word' id='word_1_92' title='bbox 887 958 975 990; x_wconf 84' lang='lat' dir='ltr'>eos</span> <span class='ocrx_word' id='word_1_93' title='bbox 991 940 1158 990; x_wconf 83' lang='lat' dir='ltr'>fecerit</span> <span class='ocrx_word' id='word_1_94' title='bbox 1176 959 1185 989; x_wconf 90' lang='lat'>:</span> <span class='ocrx_word' id='word_1_95' title='bbox 1205 943 1410 1008; x_wconf 80' lang='lat' dir='ltr'>superati</span> <span class='ocrx_word' id='word_1_96' title='bbox 1431 960 1551 1008; x_wconf 86' lang='lat' dir='ltr'>prae-</span> 
     </span>
     <span class='ocr_line' id='line_1_14' title="bbox 252 1008 1547 1076; baseline 0 -18"><span class='ocrx_word' id='word_1_97' title='bbox 252 1008 322 1058; x_wconf 82' lang='lat' dir='ltr'>lio</span> <span class='ocrx_word' id='word_1_98' title='bbox 342 1008 445 1058; x_wconf 78' lang='lat' dir='ltr'>sunt</span> <span class='ocrx_word' id='word_1_99' title='bbox 462 1026 476 1069; x_wconf 89' lang='lat'>;</span> <span class='ocrx_word' id='word_1_100' title='bbox 493 1009 552 1057; x_wconf 88' lang='lat' dir='ltr'>ad</span> <span class='ocrx_word' id='word_1_101' title='bbox 572 1009 834 1059; x_wconf 85' lang='lat' dir='ltr'>duodecim</span> <span class='ocrx_word' id='word_1_102' title='bbox 855 1011 1003 1058; x_wconf 81' lang='lat' dir='ltr'>millia</span> <span class='ocrx_word' id='word_1_103' title='bbox 1018 1010 1270 1059; x_wconf 84' lang='lat' dir='ltr'>hominum</span> <span class='ocrx_word' id='word_1_104' title='bbox 1293 1009 1426 1070; x_wconf 80' lang='lat' dir='ltr'>caesa,</span> <span class='ocrx_word' id='word_1_105' title='bbox 1441 1010 1547 1076; x_wconf 82' lang='lat' dir='ltr'>plus</span> 
     </span>
     <span class='ocr_line' id='line_1_15' title="bbox 254 1076 1550 1144; baseline 0 -18"><span class='ocrx_word' id='word_1_106' title='bbox 254 1078 356 1126; x_wconf 89' lang='lat' dir='ltr'>duo</span> <span class='ocrx_word' id='word_1_107' title='bbox 384 1093 554 1144; x_wconf 84' lang='lat' dir='ltr'>capta:</span> <span class='ocrx_word' id='word_1_108' title='bbox 588 1079 639 1127; x_wconf 88' lang='lat'>&amp;</span> <span class='ocrx_word' id='word_1_109' title='bbox 661 1078 819 1127; x_wconf 88' lang='lat' dir='ltr'>castris</span> <span class='ocrx_word' id='word_1_110' title='bbox 835 1077 1087 1127; x_wconf 80' lang='lat' dir='ltr'>Romanus</span> <span class='ocrx_word' id='word_1_111' title='bbox 1106 1081 1304 1143; x_wconf 85' lang='lat' dir='ltr'>potitus.</span> <span class='ocrx_word' id='word_1_112' title='bbox 1333 1078 1394 1127; x_wconf 89' lang='lat' dir='ltr'>Et</span> <span class='ocrx_word' id='word_1_113' title='bbox 1420 1115 1436 1139; x_wconf 86' lang='lat'>‚</span> <span class='ocrx_word' id='word_1_114' title='bbox 1464 1076 1550 1126; x_wconf 73' lang='lat' dir='ltr'>nisi</span> 
     </span>
    </p>

    <p class='ocr_par' dir='ltr' id='par_1_7' title="bbox 255 1145 1551 1214">
     <span class='ocr_line' id='line_1_16' title="bbox 255 1145 1551 1214; baseline 0 -19"><span class='ocrx_word' id='word_1_115' title='bbox 255 1145 493 1196; x_wconf 85' lang='lat' dir='ltr'>successor</span> <span class='ocrx_word' id='word_1_116' title='bbox 531 1147 744 1197; x_wconf 74' lang='lat' dir='ltr'>adventu</span> <span class='ocrx_word' id='word_1_117' title='bbox 778 1147 862 1196; x_wconf 90' lang='lat' dir='ltr'>suo</span> <span class='ocrx_word' id='word_1_118' title='bbox 899 1146 1171 1196; x_wconf 67' lang='lat' dir='ltr'>inhibuisset</span> <span class='ocrx_word' id='word_1_119' title='bbox 1203 1150 1442 1214; x_wconf 87' lang='lat' dir='ltr'>impetum</span> <span class='ocrx_word' id='word_1_120' title='bbox 1477 1149 1551 1196; x_wconf 77' lang='lat' dir='ltr'>vi-</span> 
     </span>
    </p>

    <p class='ocr_par' dir='ltr' id='par_1_8' title="bbox 259 1214 1553 1282">
     <span class='ocr_line' id='line_1_17' title="bbox 259 1214 1553 1282; baseline 0.001 -19"><span class='ocrx_word' id='word_1_121' title='bbox 259 1214 430 1278; x_wconf 68' lang='grc' dir='ltr'><strong>ἃοῑίε,</strong></span> <span class='ocrx_word' id='word_1_122' title='bbox 462 1214 639 1264; x_wconf 73' lang='lat' dir='ltr'>subaffl</span> <span class='ocrx_word' id='word_1_123' title='bbox 675 1214 915 1266; x_wconf 87' lang='lat' dir='ltr'>Celtiberi</span> <span class='ocrx_word' id='word_1_124' title='bbox 946 1215 1124 1265; x_wconf 86' lang='lat' dir='ltr'>forent.</span> <span class='ocrx_word' id='word_1_125' title='bbox 1149 1214 1284 1265; x_wconf 89' lang='lat' dir='ltr'>Novi</span> <span class='ocrx_word' id='word_1_126' title='bbox 1315 1230 1553 1282; x_wconf 84' lang='lat' dir='ltr'>praetores</span> 
     </span>
    </p>

    <p class='ocr_par' dir='ltr' id='par_1_9' title="bbox 259 1283 1352 1334">
     <span class='ocr_line' id='line_1_18' title="bbox 259 1283 1352 1334; baseline -0.003 0"><span class='ocrx_word' id='word_1_127' title='bbox 259 1285 409 1334; x_wconf 85' lang='lat' dir='ltr'>ambo</span> <span class='ocrx_word' id='word_1_128' title='bbox 442 1287 680 1333; x_wconf 85' lang='lat' dir='ltr'>exercitus</span> <span class='ocrx_word' id='word_1_129' title='bbox 714 1286 762 1331; x_wconf 83' lang='lat' dir='ltr'>in</span> <span class='ocrx_word' id='word_1_130' title='bbox 794 1285 994 1333; x_wconf 89' lang='lat' dir='ltr'>hiberna</span> <span class='ocrx_word' id='word_1_131' title='bbox 1031 1283 1352 1333; x_wconf 84' lang='lat' dir='ltr'>deduxerunt.</span> 
     </span>
    </p>

    <p class='ocr_par' dir='ltr' id='par_1_10' title="bbox 263 1351 1552 1762">
     <span class='ocr_line' id='line_1_19' title="bbox 335 1351 1552 1419; baseline 0 -18"><span class='ocrx_word' id='word_1_132' title='bbox 335 1352 499 1402; x_wconf 84' lang='lat' dir='ltr'>XXII.</span> <span class='ocrx_word' id='word_1_133' title='bbox 526 1353 616 1412; x_wconf 87' lang='lat' dir='ltr'>Per</span> <span class='ocrx_word' id='word_1_134' title='bbox 647 1370 733 1402; x_wconf 86' lang='lat' dir='ltr'>eos</span> <span class='ocrx_word' id='word_1_135' title='bbox 757 1354 885 1411; x_wconf 81' lang='lat' dir='ltr'>dies,</span> <span class='ocrx_word' id='word_1_136' title='bbox 909 1354 1082 1419; x_wconf 87' lang='lat' dir='ltr'>quibus</span> <span class='ocrx_word' id='word_1_137' title='bbox 1109 1354 1210 1402; x_wconf 80' lang='lat' dir='ltr'>haec</span> <span class='ocrx_word' id='word_1_138' title='bbox 1234 1370 1294 1402; x_wconf 86' lang='lat' dir='ltr'>ex</span> <span class='ocrx_word' id='word_1_139' title='bbox 1320 1351 1552 1419; x_wconf 82' lang='lat' dir='ltr'>Hispania</span> 
     </span>
     <span class='ocr_line' id='line_1_20' title="bbox 265 1420 1551 1488; baseline -0.001 -17"><span class='ocrx_word' id='word_1_140' title='bbox 265 1423 484 1471; x_wconf 64' lang='lat' dir='ltr'>nuntiata</span> <span class='ocrx_word' id='word_1_141' title='bbox 510 1420 644 1482; x_wconf 84' lang='lat' dir='ltr'>sunt,</span> <span class='ocrx_word' id='word_1_142' title='bbox 664 1421 693 1471; x_wconf 88' lang='lat'>6</span> <span class='ocrx_word' id='word_1_143' title='bbox 714 1422 813 1471; x_wconf 75' lang='lat' dir='ltr'>ludi</span> <span class='ocrx_word' id='word_1_144' title='bbox 841 1420 1055 1470; x_wconf 79' lang='lat' dir='ltr'>Taurilia</span> <span class='ocrx_word' id='word_1_145' title='bbox 1089 1439 1176 1488; x_wconf 86' lang='lat' dir='ltr'>per</span> <span class='ocrx_word' id='word_1_146' title='bbox 1205 1422 1409 1471; x_wconf 85' lang='lat' dir='ltr'>biduum</span> <span class='ocrx_word' id='word_1_147' title='bbox 1443 1420 1551 1470; x_wconf 66' lang='lat' dir='ltr'>fa‘ffi</span> 
     </span>
     <span class='ocr_line' id='line_1_21' title="bbox 263 1488 1550 1557; baseline -0.002 -18"><span class='ocrx_word' id='word_1_148' title='bbox 263 1488 513 1557; x_wconf 60' lang='lat' dir='ltr'>Peligionis</span> <span class='ocrx_word' id='word_1_149' title='bbox 559 1490 715 1539; x_wconf 63' lang='lat' dir='ltr'>causa.</span> <span class='ocrx_word' id='word_1_150' title='bbox 755 1489 845 1538; x_wconf 86' lang='lat' dir='ltr'>Per</span> <span class='ocrx_word' id='word_1_151' title='bbox 881 1490 982 1539; x_wconf 87' lang='lat' dir='ltr'>dies</span> <span class='ocrx_word' id='word_1_152' title='bbox 1025 1490 1199 1539; x_wconf 89' lang='lat' dir='ltr'>decern</span> <span class='ocrx_word' id='word_1_153' title='bbox 1229 1507 1262 1554; x_wconf 93' lang='lat'><em>7</em></span> <span class='ocrx_word' id='word_1_154' title='bbox 1292 1504 1550 1556; x_wconf 82' lang='lat' dir='ltr'>apparatos</span> 
     </span>
     <span class='ocr_line' id='line_1_22' title="bbox 263 1558 1550 1623; baseline -0.001 -17"><span class='ocrx_word' id='word_1_155' title='bbox 263 1559 442 1607; x_wconf 85' lang='lat' dir='ltr'>deinde</span> <span class='ocrx_word' id='word_1_156' title='bbox 475 1558 615 1608; x_wconf 89' lang='lat' dir='ltr'>ludos</span> <span class='ocrx_word' id='word_1_157' title='bbox 646 1558 721 1606; x_wconf 92' lang='lat' dir='ltr'>M.</span> <span class='ocrx_word' id='word_1_158' title='bbox 747 1558 942 1607; x_wconf 87' lang='lat' dir='ltr'>Fulvius</span> <span class='ocrx_word' id='word_1_159' title='bbox 963 1596 976 1616; x_wconf 81' lang='lat'>,</span> <span class='ocrx_word' id='word_1_160' title='bbox 1011 1576 1133 1623; x_wconf 88' lang='lat' dir='ltr'>quos</span> <span class='ocrx_word' id='word_1_161' title='bbox 1162 1574 1371 1607; x_wconf 86' lang='lat' dir='ltr'>voverat</span> <span class='ocrx_word' id='word_1_162' title='bbox 1403 1558 1550 1607; x_wconf 87' lang='lat' dir='ltr'>AEto-</span> 
     </span>
     <span class='ocr_line' id='line_1_23' title="bbox 263 1624 1551 1687; baseline -0.001 -11"><span class='ocrx_word' id='word_1_163' title='bbox 263 1627 359 1676; x_wconf 86' lang='lat' dir='ltr'>lico</span> <span class='ocrx_word' id='word_1_164' title='bbox 397 1627 565 1687; x_wconf 84' lang='lat' dir='ltr'>bello,</span> <span class='ocrx_word' id='word_1_165' title='bbox 606 1626 739 1675; x_wconf 84' lang='lat' dir='ltr'>fecit.</span> <span class='ocrx_word' id='word_1_166' title='bbox 776 1627 923 1675; x_wconf 87' lang='lat' dir='ltr'>Multi</span> <span class='ocrx_word' id='word_1_167' title='bbox 958 1625 987 1675; x_wconf 81' lang='lat'>8</span> <span class='ocrx_word' id='word_1_168' title='bbox 1021 1626 1227 1675; x_wconf 85' lang='lat' dir='ltr'>artifices</span> <span class='ocrx_word' id='word_1_169' title='bbox 1261 1644 1321 1679; x_wconf 85' lang='lat' dir='ltr'>ex</span> <span class='ocrx_word' id='word_1_170' title='bbox 1358 1624 1551 1675; x_wconf 84' lang='lat' dir='ltr'>Graecia</span> 
     </span>
     <span class='ocr_line' id='line_1_24' title="bbox 264 1693 1552 1762; baseline -0.002 -16"><span class='ocrx_word' id='word_1_171' title='bbox 264 1709 505 1746; x_wconf 84' lang='lat' dir='ltr'>venerant</span> <span class='ocrx_word' id='word_1_172' title='bbox 525 1732 539 1755; x_wconf 88' lang='lat'>‚</span> <span class='ocrx_word' id='word_1_173' title='bbox 557 1695 757 1744; x_wconf 87' lang='lat' dir='ltr'>honoris</span> <span class='ocrx_word' id='word_1_174' title='bbox 782 1693 887 1760; x_wconf 80' lang='lat' dir='ltr'>ejus</span> <span class='ocrx_word' id='word_1_175' title='bbox 913 1695 1070 1744; x_wconf 69' lang='lat' dir='ltr'>causa.</span> <span class='ocrx_word' id='word_1_176' title='bbox 1095 1695 1405 1744; x_wconf 87' lang='lat' dir='ltr'>Athletarum</span> <span class='ocrx_word' id='word_1_177' title='bbox 1426 1712 1552 1762; x_wconf 88' lang='lat' dir='ltr'>quo-</span> 
     </span>
    </p>
   </div>
   <div class='ocr_carea' id='block_1_2' title="bbox 257 1797 879 2724">
    <p class='ocr_par' dir='ltr' id='par_1_11' title="bbox 257 1797 879 2724">
     <span class='ocr_line' id='line_1_25' title="bbox 325 1797 876 1852; baseline -0.005 -12"><span class='ocrx_word' id='word_1_178' title='bbox 325 1798 353 1840; x_wconf 88' lang='lat'><strong>6</strong></span> <span class='ocrx_word' id='word_1_179' title='bbox 375 1799 478 1839; x_wconf 80' lang='lat' dir='ltr'>Ludi</span> <span class='ocrx_word' id='word_1_180' title='bbox 503 1797 715 1852; x_wconf 78' lang='lat' dir='ltr'>Taurilia]</span> <span class='ocrx_word' id='word_1_181' title='bbox 739 1797 790 1837; x_wconf 86' lang='lat' dir='ltr'>Hi</span> <span class='ocrx_word' id='word_1_182' title='bbox 815 1799 876 1837; x_wconf 87' lang='lat' dir='ltr'>lu·</span> 
     </span>
     <span class='ocr_line' id='line_1_26' title="bbox 263 1860 874 1916; baseline -0.005 -14"><span class='ocrx_word' id='word_1_183' title='bbox 263 1862 304 1902; x_wconf 85' lang='lat' dir='ltr'>di</span> <span class='ocrx_word' id='word_1_184' title='bbox 325 1891 336 1910; x_wconf 90' lang='lat'>,</span> <span class='ocrx_word' id='word_1_185' title='bbox 354 1862 420 1916; x_wconf 83' lang='lat' dir='ltr'>qui</span> <span class='ocrx_word' id='word_1_186' title='bbox 440 1861 480 1902; x_wconf 72' lang='grc' dir='ltr'>ὃ(</span> <span class='ocrx_word' id='word_1_187' title='bbox 503 1860 642 1900; x_wconf 79' lang='lat' dir='ltr'>Taurii</span> <span class='ocrx_word' id='word_1_188' title='bbox 661 1861 874 1908; x_wconf 79' lang='lat' dir='ltr'>dicuntur,</span> 
     </span>
     <span class='ocr_line' id='line_1_27' title="bbox 263 1922 876 1976; baseline -0.003 -12"><span class='ocrx_word' id='word_1_189' title='bbox 263 1923 434 1976; x_wconf 75' lang='lat' dir='ltr'>instituti</span> <span class='ocrx_word' id='word_1_190' title='bbox 468 1934 742 1964; x_wconf 83' lang='lat' dir='ltr'>memorantur</span> <span class='ocrx_word' id='word_1_191' title='bbox 758 1937 778 1961; x_wconf 80' lang='lat' dir='ltr'>a</span> <span class='ocrx_word' id='word_1_192' title='bbox 798 1922 876 1962; x_wconf 84' lang='lat' dir='ltr'>Fe·</span> 
     </span>
     <span class='ocr_line' id='line_1_28' title="bbox 263 1983 875 2038; baseline -0.005 -12"><span class='ocrx_word' id='word_1_193' title='bbox 263 1985 323 2027; x_wconf 83' lang='lat' dir='ltr'>sto</span> <span class='ocrx_word' id='word_1_194' title='bbox 351 1985 425 2025; x_wconf 71' lang='lat' dir='ltr'>diis</span> <span class='ocrx_word' id='word_1_195' title='bbox 442 1983 588 2038; x_wconf 83' lang='lat' dir='ltr'>Inferis</span> <span class='ocrx_word' id='word_1_196' title='bbox 620 1999 669 2025; x_wconf 82' lang='lat' dir='ltr'>ex</span> <span class='ocrx_word' id='word_1_197' title='bbox 692 1985 764 2023; x_wconf 77' lang='lat' dir='ltr'>hac</span> <span class='ocrx_word' id='word_1_198' title='bbox 788 1999 875 2024; x_wconf 80' lang='lat' dir='ltr'>cau·</span> 
     </span>
     <span class='ocr_line' id='line_1_29' title="bbox 259 2045 876 2104; baseline -0.003 -17"><span class='ocrx_word' id='word_1_199' title='bbox 259 2047 324 2104; x_wconf 81' lang='lat' dir='ltr'>sa.</span> <span class='ocrx_word' id='word_1_200' title='bbox 364 2047 578 2102; x_wconf 79' lang='lat' dir='ltr'>Tarquinio</span> <span class='ocrx_word' id='word_1_201' title='bbox 608 2045 784 2101; x_wconf 70' lang='lat' dir='ltr'>Superbo</span> <span class='ocrx_word' id='word_1_202' title='bbox 814 2060 876 2085; x_wconf 86' lang='lat' dir='ltr'>re·</span> 
     </span>
     <span class='ocr_line' id='line_1_30' title="bbox 261 2108 877 2167; baseline -0.006 -17"><span class='ocrx_word' id='word_1_203' title='bbox 261 2123 410 2167; x_wconf 80' lang='lat' dir='ltr'>gnante</span> <span class='ocrx_word' id='word_1_204' title='bbox 431 2138 445 2158; x_wconf 88' lang='lat'>,</span> <span class='ocrx_word' id='word_1_205' title='bbox 473 2124 580 2163; x_wconf 82' lang='lat' dir='ltr'>quum</span> <span class='ocrx_word' id='word_1_206' title='bbox 607 2123 745 2163; x_wconf 66' lang='lat' dir='ltr'>magna</span> <span class='ocrx_word' id='word_1_207' title='bbox 773 2108 877 2147; x_wconf 82' lang='lat' dir='ltr'>mci-</span> 
     </span>
     <span class='ocr_line' id='line_1_31' title="bbox 264 2170 874 2227; baseline -0.007 -15"><span class='ocrx_word' id='word_1_208' title='bbox 264 2170 378 2226; x_wconf 82' lang='lat' dir='ltr'>diffet</span> <span class='ocrx_word' id='word_1_209' title='bbox 401 2170 629 2227; x_wconf 78' lang='lat' dir='ltr'>pestilentia</span> <span class='ocrx_word' id='word_1_210' title='bbox 666 2170 706 2210; x_wconf 85' lang='lat' dir='ltr'>in</span> <span class='ocrx_word' id='word_1_211' title='bbox 737 2170 874 2209; x_wconf 79' lang='lat' dir='ltr'>mulie-</span> 
     </span>
     <span class='ocr_line' id='line_1_32' title="bbox 264 2231 876 2291; baseline -0.005 -17"><span class='ocrx_word' id='word_1_212' title='bbox 264 2249 326 2274; x_wconf 79' lang='lat' dir='ltr'>tes</span> <span class='ocrx_word' id='word_1_213' title='bbox 354 2234 573 2291; x_wconf 75' lang='lat' dir='ltr'>gravidas,</span> <span class='ocrx_word' id='word_1_214' title='bbox 611 2247 739 2272; x_wconf 85' lang='lat' dir='ltr'>earum</span> <span class='ocrx_word' id='word_1_215' title='bbox 757 2231 876 2286; x_wconf 81' lang='lat' dir='ltr'>foetus</span> 
     </span>
     <span class='ocr_line' id='line_1_33' title="bbox 264 2292 875 2351; baseline -0.005 -14"><span class='ocrx_word' id='word_1_216' title='bbox 264 2292 505 2351; x_wconf 57' lang='lat' dir='ltr'>infel-&#39;lisam</span> <span class='ocrx_word' id='word_1_217' title='bbox 531 2309 580 2335; x_wconf 81' lang='lat' dir='ltr'>ex</span> <span class='ocrx_word' id='word_1_218' title='bbox 603 2309 718 2334; x_wconf 80' lang='lat' dir='ltr'>carne</span> <span class='ocrx_word' id='word_1_219' title='bbox 746 2296 875 2334; x_wconf 66' lang='lat' dir='ltr'>diven-</span> 
     </span>
     <span class='ocr_line' id='line_1_34' title="bbox 263 2355 876 2413; baseline -0.007 -14"><span class='ocrx_word' id='word_1_220' title='bbox 263 2359 352 2399; x_wconf 75' lang='lat' dir='ltr'>dita</span> <span class='ocrx_word' id='word_1_221' title='bbox 379 2357 532 2413; x_wconf 83' lang='lat' dir='ltr'>populo</span> <span class='ocrx_word' id='word_1_222' title='bbox 563 2371 777 2397; x_wconf 79' lang='lat' dir='ltr'>taurorum.</span> <span class='ocrx_word' id='word_1_223' title='bbox 813 2355 876 2395; x_wconf 79' lang='lat' dir='ltr'>Oh</span> 
     </span>
     <span class='ocr_line' id='line_1_35' title="bbox 263 2417 879 2473; baseline -0.005 -13"><span class='ocrx_word' id='word_1_224' title='bbox 263 2421 337 2460; x_wconf 82' lang='lat' dir='ltr'>hoc</span> <span class='ocrx_word' id='word_1_225' title='bbox 379 2420 465 2460; x_wconf 77' lang='lat' dir='ltr'>ludi</span> <span class='ocrx_word' id='word_1_226' title='bbox 499 2418 637 2459; x_wconf 77' lang='lat' dir='ltr'>Taurii</span> <span class='ocrx_word' id='word_1_227' title='bbox 679 2417 879 2473; x_wconf 79' lang='lat' dir='ltr'>appellati</span> 
     </span>
     <span class='ocr_line' id='line_1_36' title="bbox 257 2479 875 2537; baseline -0.005 -15"><span class='ocrx_word' id='word_1_228' title='bbox 257 2479 353 2537; x_wconf 76' lang='lat' dir='ltr'>sunt</span> <span class='ocrx_word' id='word_1_229' title='bbox 371 2510 382 2530; x_wconf 79' lang='lat'>,</span> <span class='ocrx_word' id='word_1_230' title='bbox 409 2480 566 2537; x_wconf 71' lang='lat' dir='ltr'>&amp;fiunt</span> <span class='ocrx_word' id='word_1_231' title='bbox 592 2480 632 2521; x_wconf 85' lang='lat' dir='ltr'>in</span> <span class='ocrx_word' id='word_1_232' title='bbox 653 2481 766 2520; x_wconf 82' lang='lat' dir='ltr'>Circo</span> <span class='ocrx_word' id='word_1_233' title='bbox 784 2480 875 2520; x_wconf 86' lang='lat' dir='ltr'>Fla-</span> 
     </span>
     <span class='ocr_line' id='line_1_37' title="bbox 263 2543 876 2591; baseline -0.005 -7"><span class='ocrx_word' id='word_1_234' title='bbox 263 2544 383 2584; x_wconf 80' lang='lat' dir='ltr'>minio</span> <span class='ocrx_word' id='word_1_235' title='bbox 404 2572 414 2591; x_wconf 88' lang='lat'>,</span> <span class='ocrx_word' id='word_1_236' title='bbox 437 2558 485 2584; x_wconf 78' lang='lat' dir='ltr'>ne</span> <span class='ocrx_word' id='word_1_237' title='bbox 508 2543 613 2583; x_wconf 75' lang='lat' dir='ltr'>intra</span> <span class='ocrx_word' id='word_1_238' title='bbox 638 2557 769 2582; x_wconf 71' lang='lat' dir='ltr'>muros</span> <span class='ocrx_word' id='word_1_239' title='bbox 787 2556 876 2582; x_wconf 78' lang='lat' dir='ltr'>evo-</span> 
     </span>
     <span class='ocr_line' id='line_1_38' title="bbox 264 2603 875 2660; baseline -0.002 -15"><span class='ocrx_word' id='word_1_240' title='bbox 264 2619 401 2645; x_wconf 83' lang='lat' dir='ltr'>centur</span> <span class='ocrx_word' id='word_1_241' title='bbox 420 2607 475 2645; x_wconf 70' lang='lat' dir='ltr'>dii</span> <span class='ocrx_word' id='word_1_242' title='bbox 494 2603 637 2660; x_wconf 77' lang='lat' dir='ltr'>Inferi.</span> <span class='ocrx_word' id='word_1_243' title='bbox 659 2605 786 2645; x_wconf 82' lang='lat' dir='ltr'>Addit</span> <span class='ocrx_word' id='word_1_244' title='bbox 804 2619 875 2644; x_wconf 84' lang='lat' dir='ltr'>au-</span> 
     </span>
     <span class='ocr_line' id='line_1_39' title="bbox 262 2667 874 2724; baseline 0 -17"><span class='ocrx_word' id='word_1_245' title='bbox 262 2678 346 2708; x_wconf 67' lang='lat' dir='ltr'>tem</span> <span class='ocrx_word' id='word_1_246' title='bbox 376 2667 512 2710; x_wconf 77' lang='lat' dir='ltr'>Livius</span> <span class='ocrx_word' id='word_1_247' title='bbox 552 2667 756 2724; x_wconf 76' lang='lat' dir='ltr'>religionis</span> <span class='ocrx_word' id='word_1_248' title='bbox 788 2682 874 2708; x_wconf 78' lang='lat' dir='ltr'>cau-</span> 
     </span>
    </p>
   </div>
   <div class='ocr_carea' id='block_1_3' title="bbox 939 1797 1589 2659">
    <p class='ocr_par' dir='ltr' id='par_1_12' title="bbox 939 1797 1589 2335">
     <span class='ocr_line' id='line_1_40' title="bbox 939 1797 1551 1854; baseline -0.002 -16"><span class='ocrx_word' id='word_1_249' title='bbox 939 1799 985 1838; x_wconf 78' lang='grc' dir='ltr'>,ςᾶ</span> <span class='ocrx_word' id='word_1_250' title='bbox 1004 1826 1015 1846; x_wconf 91' lang='grc'><em>,</em></span> <span class='ocrx_word' id='word_1_251' title='bbox 1034 1808 1077 1838; x_wconf 91' lang='lat' dir='ltr'>ut</span> <span class='ocrx_word' id='word_1_252' title='bbox 1096 1797 1305 1854; x_wconf 82' lang='lat' dir='ltr'>distinguat</span> <span class='ocrx_word' id='word_1_253' title='bbox 1322 1797 1465 1839; x_wconf 86' lang='lat' dir='ltr'>horum</span> <span class='ocrx_word' id='word_1_254' title='bbox 1486 1799 1551 1837; x_wconf 85' lang='lat' dir='ltr'>lu-</span> 
     </span>
     <span class='ocr_line' id='line_1_41' title="bbox 942 1861 1553 1914; baseline -0.002 -14"><span class='ocrx_word' id='word_1_255' title='bbox 942 1861 1083 1900; x_wconf 85' lang='lat' dir='ltr'>dorum</span> <span class='ocrx_word' id='word_1_256' title='bbox 1112 1861 1317 1900; x_wconf 76' lang='lat' dir='ltr'>solennem</span> <span class='ocrx_word' id='word_1_257' title='bbox 1335 1861 1553 1914; x_wconf 70' lang='lat' dir='ltr'>staremque</span> 
     </span>
     <span class='ocr_line' id='line_1_42' title="bbox 940 1922 1589 1977; baseline -0.002 -15"><span class='ocrx_word' id='word_1_258' title='bbox 940 1923 1179 1977; x_wconf 84' lang='lat' dir='ltr'>religionem</span> <span class='ocrx_word' id='word_1_259' title='bbox 1213 1938 1234 1962; x_wconf 85' lang='lat' dir='ltr'>a</span> <span class='ocrx_word' id='word_1_260' title='bbox 1269 1922 1371 1962; x_wconf 81' lang='lat' dir='ltr'>ludis</span> <span class='ocrx_word' id='word_1_261' title='bbox 1399 1923 1550 1962; x_wconf 82' lang='lat' dir='ltr'>votivis</span> <span class='ocrx_word' id='word_1_262' title='bbox 1585 1960 1589 1961; x_wconf 21' lang='lat'><em>⁷</em></span> 
     </span>
     <span class='ocr_line' id='line_1_43' title="bbox 941 1985 1548 2038; baseline 0.002 -15"><span class='ocrx_word' id='word_1_263' title='bbox 941 1985 1004 2024; x_wconf 82' lang='lat' dir='ltr'>M.</span> <span class='ocrx_word' id='word_1_264' title='bbox 1028 1985 1188 2031; x_wconf 83' lang='lat' dir='ltr'>Fulvii,</span> <span class='ocrx_word' id='word_1_265' title='bbox 1211 1985 1259 2024; x_wconf 89' lang='lat' dir='ltr'>de</span> <span class='ocrx_word' id='word_1_266' title='bbox 1285 1985 1426 2038; x_wconf 79' lang='lat' dir='ltr'>quibus</span> <span class='ocrx_word' id='word_1_267' title='bbox 1455 1999 1548 2024; x_wconf 76' lang='lat' dir='ltr'>mox</span> 
     </span>
     <span class='ocr_line' id='line_1_44' title="bbox 941 2046 1553 2100; baseline -0.002 -14"><span class='ocrx_word' id='word_1_268' title='bbox 941 2047 1115 2086; x_wconf 57' lang='lat' dir='ltr'>difflui-us</span> <span class='ocrx_word' id='word_1_269' title='bbox 1152 2046 1206 2085; x_wconf 85' lang='lat' dir='ltr'>est</span> <span class='ocrx_word' id='word_1_270' title='bbox 1237 2061 1249 2093; x_wconf 88' lang='lat'>;</span> <span class='ocrx_word' id='word_1_271' title='bbox 1289 2047 1355 2100; x_wconf 86' lang='lat' dir='ltr'>qui</span> <span class='ocrx_word' id='word_1_272' title='bbox 1391 2046 1553 2100; x_wconf 74' lang='lat' dir='ltr'>quidem</span> 
     </span>
     <span class='ocr_line' id='line_1_45' title="bbox 941 2108 1550 2163; baseline -0.002 -15"><span class='ocrx_word' id='word_1_273' title='bbox 941 2108 1011 2148; x_wconf 83' lang='lat' dir='ltr'>etfi</span> <span class='ocrx_word' id='word_1_274' title='bbox 1044 2108 1250 2163; x_wconf 80' lang='lat' dir='ltr'>religionis</span> <span class='ocrx_word' id='word_1_275' title='bbox 1279 2122 1441 2162; x_wconf 79' lang='lat' dir='ltr'>quoque</span> <span class='ocrx_word' id='word_1_276' title='bbox 1476 2122 1550 2147; x_wconf 84' lang='lat' dir='ltr'>no-</span> 
     </span>
     <span class='ocr_line' id='line_1_46' title="bbox 940 2169 1551 2225; baseline 0.002 -15"><span class='ocrx_word' id='word_1_277' title='bbox 940 2172 1048 2211; x_wconf 82' lang='lat' dir='ltr'>mine</span> <span class='ocrx_word' id='word_1_278' title='bbox 1069 2198 1080 2217; x_wconf 82' lang='lat'><strong>,</strong></span> <span class='ocrx_word' id='word_1_279' title='bbox 1107 2182 1244 2210; x_wconf 69' lang='lat' dir='ltr'>tamen</span> <span class='ocrx_word' id='word_1_280' title='bbox 1277 2169 1406 2210; x_wconf 76' lang='lat' dir='ltr'>multo</span> <span class='ocrx_word' id='word_1_281' title='bbox 1427 2171 1551 2225; x_wconf 72' lang='lat' dir='ltr'>magis</span> 
     </span>
     <span class='ocr_line' id='line_1_47' title="bbox 940 2231 1552 2287; baseline 0.003 -15"><span class='ocrx_word' id='word_1_282' title='bbox 940 2247 1099 2287; x_wconf 82' lang='lat' dir='ltr'>pompae</span> <span class='ocrx_word' id='word_1_283' title='bbox 1113 2234 1152 2274; x_wconf 89' lang='lat'>&amp;</span> <span class='ocrx_word' id='word_1_284' title='bbox 1167 2231 1448 2274; x_wconf 64' lang='lat' dir='ltr'>obleaationis</span> <span class='ocrx_word' id='word_1_285' title='bbox 1461 2246 1552 2274; x_wconf 85' lang='lat' dir='ltr'>cau·</span> 
     </span>
     <span class='ocr_line' id='line_1_48' title="bbox 941 2294 1258 2335; baseline -0.006 0"><span class='ocrx_word' id='word_1_286' title='bbox 941 2294 986 2335; x_wconf 63' lang='lat' dir='ltr'>sa</span> <span class='ocrx_word' id='word_1_287' title='bbox 1018 2295 1258 2335; x_wconf 84' lang='lat' dir='ltr'>edebantur.</span> 
     </span>
    </p>

    <p class='ocr_par' dir='ltr' id='par_1_13' title="bbox 940 2355 1551 2592">
     <span class='ocr_line' id='line_1_49' title="bbox 1004 2355 1551 2412; baseline -0.002 -16"><span class='ocrx_word' id='word_1_288' title='bbox 1004 2370 1029 2409; x_wconf 90' lang='lat'><strong>7</strong></span> <span class='ocrx_word' id='word_1_289' title='bbox 1062 2357 1366 2412; x_wconf 78' lang='lat' dir='ltr'>Apparatos....</span> <span class='ocrx_word' id='word_1_290' title='bbox 1397 2355 1551 2410; x_wconf 78' lang='lat' dir='ltr'>ludos}</span> 
     </span>
     <span class='ocr_line' id='line_1_50' title="bbox 941 2417 1551 2473; baseline -0.002 -15"><span class='ocrx_word' id='word_1_291' title='bbox 941 2418 1076 2459; x_wconf 80' lang='lat' dir='ltr'>Ludos</span> <span class='ocrx_word' id='word_1_292' title='bbox 1099 2417 1288 2472; x_wconf 71' lang='lat' dir='ltr'>apparate</span> <span class='ocrx_word' id='word_1_293' title='bbox 1319 2417 1551 2473; x_wconf 73' lang='lat' dir='ltr'>magnifice-</span> 
     </span>
     <span class='ocr_line' id='line_1_51' title="bbox 941 2480 1550 2535; baseline 0.002 -15"><span class='ocrx_word' id='word_1_294' title='bbox 941 2494 1018 2535; x_wconf 80' lang='lat' dir='ltr'>que</span> <span class='ocrx_word' id='word_1_295' title='bbox 1037 2480 1162 2520; x_wconf 59' lang='lat' dir='ltr'>saeros</span> <span class='ocrx_word' id='word_1_296' title='bbox 1178 2509 1192 2528; x_wconf 85' lang='lat'>‚</span> <span class='ocrx_word' id='word_1_297' title='bbox 1219 2491 1262 2520; x_wconf 86' lang='lat' dir='ltr'>ut</span> <span class='ocrx_word' id='word_1_298' title='bbox 1282 2481 1458 2534; x_wconf 87' lang='lat' dir='ltr'>loquitur</span> <span class='ocrx_word' id='word_1_299' title='bbox 1479 2480 1550 2521; x_wconf 72' lang='lat' dir='ltr'>Li-</span> 
     </span>
     <span class='ocr_line' id='line_1_52' title="bbox 940 2541 1440 2592; baseline -0.002 -10"><span class='ocrx_word' id='word_1_300' title='bbox 940 2543 1027 2582; x_wconf 77' lang='lat' dir='ltr'>vius</span> <span class='ocrx_word' id='word_1_301' title='bbox 1046 2570 1056 2589; x_wconf 88' lang='lat'>‚</span> <span class='ocrx_word' id='word_1_302' title='bbox 1083 2544 1109 2582; x_wconf 87' lang='lat' dir='ltr'>l.</span> <span class='ocrx_word' id='word_1_303' title='bbox 1133 2541 1311 2592; x_wconf 86' lang='lat' dir='ltr'>XXXI,</span> <span class='ocrx_word' id='word_1_304' title='bbox 1338 2555 1375 2582; x_wconf 91' lang='lat' dir='ltr'>c.</span> <span class='ocrx_word' id='word_1_305' title='bbox 1396 2555 1440 2591; x_wconf 90' lang='lat'>4.</span> 
     </span>
    </p>

    <p class='ocr_par' dir='ltr' id='par_1_14' title="bbox 1004 2603 1550 2659">
     <span class='ocr_line' id='line_1_53' title="bbox 1004 2603 1550 2659; baseline 0.002 -16"><span class='ocrx_word' id='word_1_306' title='bbox 1004 2604 1026 2643; x_wconf 86' lang='lat'>8</span> <span class='ocrx_word' id='word_1_307' title='bbox 1042 2603 1258 2659; x_wconf 80' lang='lat' dir='ltr'>Artifices]</span> <span class='ocrx_word' id='word_1_308' title='bbox 1274 2604 1372 2646; x_wconf 78' lang='lat' dir='ltr'>Vid.</span> <span class='ocrx_word' id='word_1_309' title='bbox 1396 2614 1484 2645; x_wconf 86' lang='lat' dir='ltr'>not.</span> <span class='ocrx_word' id='word_1_310' title='bbox 1503 2616 1550 2652; x_wconf 69' lang='lat'>2,</span> 
     </span>
    </p>
   </div>
   <div class='ocr_carea' id='block_1_4' title="bbox 939 2666 1413 2720">
    <p class='ocr_par' dir='ltr' id='par_1_15' title="bbox 939 2666 1413 2720">
     <span class='ocr_line' id='line_1_54' title="bbox 939 2666 1413 2720; baseline 0.002 -13"><span class='ocrx_word' id='word_1_311' title='bbox 939 2666 990 2707; x_wconf 82' lang='lat' dir='ltr'>ad</span> <span class='ocrx_word' id='word_1_312' title='bbox 1010 2668 1037 2708; x_wconf 78' lang='lat' dir='ltr'>l.</span> <span class='ocrx_word' id='word_1_313' title='bbox 1059 2668 1125 2718; x_wconf 76' lang='lat' dir='ltr'>V,</span> <span class='ocrx_word' id='word_1_314' title='bbox 1147 2682 1182 2708; x_wconf 79' lang='lat' dir='ltr'>c.</span> <span class='ocrx_word' id='word_1_315' title='bbox 1206 2678 1220 2707; x_wconf 86' lang='lat'>1</span> <span class='ocrx_word' id='word_1_316' title='bbox 1246 2693 1258 2714; x_wconf 91' lang='lat'>,</span> <span class='ocrx_word' id='word_1_317' title='bbox 1280 2666 1413 2720; x_wconf 59' lang='lat' dir='ltr'>supriu</span> 
     </span>
    </p>
   </div>
  </div>
 </body>
</html>
