1670 3068
356 102 472 176 408
640 102 694 160 T
739 120 758 159 1
804 119 844 160 T
890 119 911 160 1
1014 105 1060 160 L
1109 124 1132 162 1
1179 121 1225 160 v
1271 121 1292 160 1
1337 120 1361 160 1

153 190 203 232 U.
211 204 242 232 c.
253 193 341 244 584.
357 185 509 251 magis
550 185 660 250 quia
703 184 860 234 nullos
901 199 1093 250 apertos
1128 198 1417 250 evergerent
1454 184 1584 234 rivos
1618 198 1640 250 ,J

154 272 191 288 ‘¹
197 250 243 288 (4
250 250 339 292 160¹·
358 253 575 301 occultos
617 255 867 302 continere
914 254 1076 300 latices
1109 288 1122 310 ‚
1171 270 1377 326 quorum
1414 269 1551 301 venae
1585 255 1634 314 in

356 337 490 370 mare
533 336 870 386 permanantes
907 318 934 368 8
976 319 1115 366 undae
1155 318 1481 369 milcerentur.
1537 319 1635 370 Vix

308 390 313 392 ⁷
359 387 562 437 dedu&a
598 388 779 436 summa
806 404 949 435 arena
977 401 1078 435 erat
1100 424 1114 445 ,
1149 405 1295 452 quum
1329 387 1636 452 scaturigines

357 456 561 505 turbidae
601 456 759 520 primi)
791 456 841 503 ἃ
873 471 1040 503 tenues
1077 456 1314 515 emicare,
1348 456 1459 504 dein
1494 456 1638 520 liqui-

357 524 470 572 dam
509 525 806 588 multamque
831 521 1032 571 fundere
1075 540 1248 588 aquam
1271 560 1285 582 ,
1322 524 1458 572 velut
1486 522 1632 576 deum

356 593 493 641 dono
519 628 532 650 ,
570 605 836 656 coeperunt.
867 591 1184 656 Aliquantum
1223 607 1281 640 ea
1321 608 1517 657 quoque
1555 608 1633 648 res*

353 660 467 708 duci
498 657 639 707 famae
670 658 721 707 &
748 657 1038 708 auRoritatis
1073 658 1201 725 apud
1236 658 1410 707 milites
1437 658 1629 722 adjecit.

354 726 490 776 Juss'is
537 727 714 776 deinde
758 727 986 775 militibus
1037 727 1263 792 expedire
1308 744 1439 775 arma
1471 765 1484 786 ‚
1528 726 1628 792 ipse

353 812 464 843 cum
499 795 697 844 tribunis
740 810 769 859 9
812 793 1069 861 primisque
1108 794 1354 843 ordinibus
1392 795 1629 844 vadit-ad

350 862 757 928 contemplandos
790 862 1042 920 transitus3
1075 864 1169 928 qua
1204 861 1451 912 descensus
1484 862 1630 912 facilis

352 933 545 980 armatis
570 967 586 987 ‚
624 930 719 996 qua
747 932 793 979 in
829 932 1110 979 ulteriorem
1141 933 1295 996 ripam
1319 931 1514 979 minime
1537 933 1628 979 ini-

350 1017 472 1065 quus
509 997 760 1049 adscensus
793 997 924 1048 effet.
961 998 1052 1047 His
1084 998 1187 1047 satis
1221 999 1480 1065 exploratis
1503 1037 1515 1058 ,
1547 999 1627 1050 illa

349 1083 543 1133 quoque
591 1068 800 1132 primum
833 1105 847 1127 ‚
891 1080 944 1114 ut
988 1066 1159 1116 ordine
1194 1085 1248 1116 ac
1285 1066 1381 1115 fine
1419 1067 1631 1127 tumultis

351 1138 515 1183 omnia
535 1136 583 1183 in
607 1136 797 1202 agmine
831 1134 891 1184 ad
918 1149 1086 1183 nutum
1118 1136 1468 1202 imperiumque
1493 1136 1633 1197 ducis*

347 1201 555 1262 fierent,
591 1203 820 1268 providit.
860 1202 960 1251 Ubi
996 1205 1220 1252 omnibus
1245 1202 1379 1252 fimul
1405 1221 1622 1270 pronun-⁵

344 1273 542 1320 tiaretur
586 1287 605 1318 1
651 1271 783 1350 quod
812 1268 987 1331 fieret,
1023 1288 1181 1336 neque
1209 1289 1380 1320 omnes
1421 1272 1620 1320 exaudi-

343 1354 488 1388 rent·
477 1377 490 1398 ‚
533 1341 717 1388 incerto
759 1341 962 1404 imperio
1000 1354 1244 1405 accepto,
1275 1341 1393 1388 aiios
1426 1358 1451 1387 2
1484 1341 1542 1387 ab
1574 1339 1618 1390 se

345 1405 625 1470 adjicientes
652 1445 666 1467 ‚
698 1407 803 1473 plus
824 1424 886 1456 eo
919 1408 1086 1473 quod
1077 1423 1366 1472 imperatum
1387 1407 1441 1455 fit
1461 1445 1475 1467 ‚
1504 1408 1620 1457 alios

341 1478 500 1524 minus
529 1474 725 1535 facere3
774 1475 1010 1524 clamores
1046 1475 1221 1524 deinde
1258 1474 1470 1524 dissonos
1510 1477 1618 1541 oriri

343 1545 571 1594 omnibus
604 1544 722 1592 locis
744 1580 758 1602 ‚
794 1543 846 1592 &
877 1546 1002 1610 prius
1040 1543 1197 1592 hostes
1221 1581 1236 1603 ‚
1273 1544 1417 1610 quam
1452 1543 1610 1609 ips05,

342 1612 458 1679 quid
499 1626 691 1678 paretur
735 1610 867 1660 scire.
922 1611 1115 1661 Placere
1161 1613 1341 1679 igitur,
1375 1612 1614 1662 tribunum

339 1681 547 1729 militum
581 1695 603 1746 3
637 1680 899 1746 primopilo
934 1681 1138 1747 legionis
1164 1679 1448 1740 4⁷secretum
1474 1681 1614 1730 edere

340 1750 629 1814 imperium:
655 1748 786 1796 illum
819 1748 871 1796 ὃ(
893 1747 1004 1796 dein
1029 1748 1238 1814 singulos
1269 1751 1492 1814 proximo
1521 1750 1614 1797 cui·

341 1833 435 1881 que
469 1819 514 1864 in
541 1816 711 1865 ordine
734 1817 1009 1865 centurioni
1031 1817 1189 1865 dicere
1211 1817 1326 1881 quid
1349 1835 1470 1882 opus
1490 1815 1613 1866 fafio

339 1884 562 1944 fit3s1ve
585 1903 610 1933 a
636 1886 850 1951 primisi
821 1882 958 1951 signis
987 1885 1047 1933 ad
1078 1884 1382 1933 noviffimum
1405 1901 1578 1952 agmen
1595 1921 1612 1946 ,

339 1951 439 2001 sive
462 1953 520 2001 ab
552 1954 777 2002 extremis
800 1953 860 2000 ad
884 1955 1063 2017 primos
1089 1953 1430 2019 perferendum
1460 1954 1612 2020 impe-

336 2023 459 2070 rium
483 2021 554 2071 sit.
597 2020 786 2088 Vigiles
826 2022 973 2070 etiam
1012 2039 1148 2071 novo
1182 2039 1318 2071 more
1349 2021 1531 2071 scutum
1563 2022 1611 2071 in

398 2152 421 2192 8
446 2153 569 2193 Undae
594 2151 875 2207 miscerentur]
900 2154 941 2194 Si
1004 2154 1166 2195 videtur
1197 2155 1384 2210 exigere,
1414 2151 1610 2210 quidfieri

332 2213 422 2255 sana
453 2214 539 2254 haec
561 2215 673 2263 sunt,
699 2230 776 2256 vox
799 2217 906 2255 andae
926 2244 936 2262 ‚
1005 2216 1176 2256 deberet.

330 2275 382 2317 fic
399 2276 504 2316 nude
531 2275 654 2330 pofita
671 2305 680 2323 ,
705 2277 939 2330 accipienda
1067 2291 1090 2318 2
1109 2275 1228 2330 Abse
1249 2276 1504 2330 adjicientes]
1519 2275 1621 2316 Ad-

331 2338 386 2381 est
417 2352 490 2392 pro
526 2337 637 2377 undis
671 2338 847 2378 marinis.
1001 2338 1226 2391 jicientesa
1210 2339 1356 2392 aliquid
1390 2352 1439 2378 ex
1469 2338 1536 2380 suo
1556 2336 1651 2387 ad}

392 2411 417 2451 9
459 2398 653 2441 Primis...
698 2399 933 2452 ordinibus]
1002 2415 1049 2440 ea
1078 2416 1164 2454 quae
1194 2401 1421 2440 audierunt.
1588 2415 1590 2417 ·
1644 2349 1657 2439 i

326 2460 548 2502 Primorum
581 2461 764 2501 ordinum
792 2473 936 2501 centu-
1062 2473 1082 2514 3
1110 2461 1358 2517 Primopilo]
1391 2442 1670 2554 Viaknot01⁴

325 2523 521 2563 tionibus.
576 2523 675 2564 Vid.
735 2524 849 2578 supra
902 2523 932 2564 l.
1003 2533 1019 2576 5
1044 2551 1056 2571 ‚
1080 2524 1128 2562 ad
1155 2525 1181 2565 1.
1214 2524 1283 2571 Π,
1314 2537 1352 2564 c.
1383 2536 1456 2571 27.

322 2583 478 2633 XXX,
511 2599 546 2624 c.
582 2596 628 2634 4.
1058 2598 1086 2634 4
1107 2585 1333 2638 Secutum]
1352 2585 1420 2623 Sol
1428 2581 1616 2636 iprimo·
1642 2538 1670 2644 ⁴

392 2658 408 2686 1
449 2646 645 2704 Quodfie
650 2646 744 2700 ret]
784 2645 932 2689 Sensus
994 2645 1103 2701 pilo,
1126 2647 1337 2688 seorsuma
1360 2646 1521 2685 ceteris.
1664 2687 1670 2710 .-

1382 2703 1593 2771 vigiliam
1639 2723 1644 2763 i
