1670 3068
341 89 704 146 LIBER
790 84 1158 142 XXXIX.
1303 105 1375 163 29

93 186 159 237 gae
193 169 336 217 causei
363 163 636 230 vendidiffi’‚
666 185 775 216 neve
801 163 945 228 emrffi’
982 166 1148 215 vellet:
1180 186 1233 213 ne
1271 171 1373 231 quis
1391 179 1581 230 U.c.566.

97 239 297 303 reciperet
327 274 345 295 ,
394 236 590 292 celaret,
635 252 716 300 ope
759 234 858 282 ulld
901 232 1086 299 juvaret
1126 232 1577 298 fitgiesztes.n.C.186.

97 304 356 353 Concione
395 301 583 352 dimissa
611 338 623 361 ,
664 318 816 350 terror
861 317 1062 367 magnus
1110 302 1227 348 urbe
1273 305 1376 351 tota

97 370 185 421 fuit
213 389 227 431 3
259 389 348 420 nec
383 369 624 420 moenibus
658 368 703 418 se
738 369 925 418 tantum
968 368 1123 427 urbis,
1158 384 1238 416 aut
1266 366 1378 416 fini-

97 440 188 488 bus
220 438 453 488 Romanis
482 439 718 487 continuit
752 455 761 484 :
797 436 877 485 sed
910 434 1074 502 paffim
1109 452 1193 500 per
1218 450 1376 484 totam

98 506 317 566 Italiam,
356 507 524 555 litteris
560 505 800 569 hospitum
841 505 902 552 de
938 502 1374 563 senatusconsulto,

102 576 155 624 &
180 577 418 623 concione
436 612 449 634 ‚
472 575 523 622 c&
554 573 714 621 edifflo
745 571 991 620 consulum
1022 573 1228 636 acceptis
1248 608 1262 632 ‚
1283 585 1377 619 tre-

99 643 253 709 pidari
281 657 494 707 coeptum
533 639 616 688 est.
642 639 785 687 Multi
815 640 872 687 ea
900 642 991 687 noc
1018 657 1043 687 e
1065 676 1078 699 ,
1107 656 1212 704 quae
1244 639 1377 687 diem

101 709 344 776 insequuta
377 707 472 765 est,
494 724 590 772 quo
620 709 667 755 in
703 708 942 755 concione
975 724 1048 755 res
1071 708 1228 771 palam
1255 706 1379 755 faEIa

102 777 191 836 est,
223 775 440 825 custodiis
479 778 603 823 circa
640 788 805 841 portas
849 774 1047 840 positis,
1079 773 1316 840 fugientes
1350 792 1379 822 a

101 846 358 894 triumviris
389 841 727 910 comprehensi
768 843 820 890 &
852 841 1030 890 reduffi
1061 840 1162 890 sunt
1196 859 1206 889 ι
1244 842 1373 890 mul-

99 927 259 961 torum
289 913 486 961 nomina
521 910 678 959 delata
711 927 725 969 3
765 910 959 976 quidam
993 926 1051 958 ex
1087 910 1140 957 iis
1176 911 1262 957 viri
1296 908 1377 958 fe·-

100 981 336 1046 minaeque
361 993 566 1027 mortem
601 977 684 1025 fibi
712 977 1064 1027 consciverunt.
1089 974 1376 1040 Coniurass‘e

98 1046 235 1113 supra
267 1045 452 1113 septem
485 1046 631 1094 millia
660 1046 874 1094 virorum
908 1063 962 1094 ac
999 1046 1253 1093 mulierum
1295 1044 1377 1093 di-

101 1117 328 1164 cebantur
359 1130 374 1174 ;
406 1114 562 1179 capita
603 1128 762 1162 autem
799 1111 1142 1177 conjurationis
1190 1111 1376 1161 consta-

1441 1120 1585 1173 Capite

99 1183 181 1237 bat
215 1180 306 1231 esse
330 1220 345 1242 ,
373 1181 449 1230 M.
477 1184 527 1230 ὅ(
556 1179 618 1230 C.
652 1181 846 1230 Atinios
881 1182 941 1230 de
962 1182 1104 1247 plebe
1123 1179 1576 1244 Romanafonjura-

101 1251 154 1300 &
184 1249 413 1299 Faliscum
443 1249 497 1298 L.
514 1248 841 1316 ‚Opiternium
861 1285 876 1308 ‚
906 1250 960 1297 &
999 1248 1208 1297 Minium
1245 1243 1530 1299 Cer-‘¹'0111'⁵·

98 1320 269 1368 rinium
298 1317 637 1384 Campanum:
673 1317 732 1365 ab
766 1318 836 1365 his
871 1319 1035 1366 omnia
1072 1316 1285 1366 facinora
1325 1319 1378 1367 &

98 1387 274 1453 flagitia
308 1401 413 1435 orta
439 1404 448 1433 ε
475 1403 560 1435 eos
588 1387 826 1433 maximos
857 1384 1128 1434 sacerdotes
1155 1386 1382 1435 condito-

100 1455 267 1522 resque
293 1453 396 1519 ejus
426 1453 538 1502 sacri
561 1452 672 1502 esse.
708 1452 837 1501 Data
877 1470 1026 1518 opera
1059 1451 1154 1513 est,
1192 1469 1242 1501 ut
1279 1456 1383 1517 pri-

102 1540 185 1571 mo
216 1539 411 1589 quoque
439 1538 665 1586 tempore
692 1521 1242 1586 comprehenderentur.
1267 1520 1383 1569 Ad·-

103 1589 227 1638 duffi
260 1590 319 1638 ad
337 1587 554 1637 consules
573 1626 587 1649 ,
618 1587 815 1654 fassique
841 1588 901 1637 de
924 1589 969 1637 se
995 1589 1174 1636 nullam
1191 1605 1383 1638 moram

107 1655 291 1724 judicio
330 1657 564 1706 fecerunt.

169 1723 352 1774 XVIII.
396 1723 629 1775 Ceterum
660 1737 792 1772 tanta
829 1721 942 1790 fuga
993 1739 1051 1773 ex
1091 1724 1211 1774 urbe
1261 1722 1384 1775 facIa

101 1808 234 1854 erat,
266 1808 315 1842 ut
337 1830 350 1852 ‚
379 1809 410 1856 7
443 1795 551 1858 quia
591 1793 750 1841 multis
785 1792 998 1840 afflones
1042 1792 1096 1840 &
1132 1809 1206 1841 res
1253 1795 1385 1858 peri-

98 1861 241 1921 bant,
275 1877 560 1928 cogerentur
596 1876 829 1926 praetores
860 1858 926 1907 T.
959 1859 1164 1909 Maenius
1212 1861 1265 1908 ὃ(
1303 1859 1384 1910 Μ.

98 1927 302 1977 Licinius
318 1966 333 1988 ,
362 1928 389 1977 8
414 1945 498 1994 per
521 1927 735 1977 senatum
768 1945 839 1975 res
862 1930 909 1975 in
931 1927 1060 1976 diem
1080 1927 1382 1994 trigesimum

101 1994 291 2045 differre
318 2034 331 2056 ‚
361 1996 518 2044 donec
559 1994 841 2061 quaestiones
874 2013 900 2042 a
920 1996 1187 2043 consulibus
1230 1995 1383 2061 perfi-

99 2079 336 2113 cerentur.
379 2063 560 2113 Eadem
598 2063 803 2112 solitudo
843 2101 856 2122 ‚
911 2065 1021 2128 quia
1064 2061 1240 2111 Romae
1279 2080 1381 2112 non

98 2131 452 2198 respondebant
475 2169 490 2192 ‚
517 2148 607 2180 nec
637 2131 1006 2180 inveniebantur
1026 2168 1038 2191 ,
1062 2148 1268 2198 quorum
1292 2150 1384 2181 no-

161 2270 187 2308 7
222 2256 327 2315 Quia
361 2255 491 2296 multis
535 2256 702 2296 afflones
767 2256 866 2302 nio,
903 2256 1300 2303 condemnabantur,
1332 2269 1382 2296 ac

103 2317 141 2357 &-
179 2332 237 2357 res
268 2318 492 2373 peribant]
528 2318 589 2358 Ex
627 2318 703 2358 illis

100 2393 243 2432 nempe
282 2381 347 2433 qui
376 2380 560 2434 fugerant
591 2379 704 2420 multi

100 2451 214 2480 erant
235 2469 246 2487 ,
278 2441 344 2493 qui
373 2455 491 2494 quum
516 2442 606 2480 lites
637 2454 703 2481 co·

100 2515 181 2542 ram
225 2501 427 2554 judicibus
480 2503 703 2553 pendentes

99 2563 318 2610 haberent,
356 2565 407 2602 ob
448 2563 663 2602 absentiam
690 2595 702 2613 ‚

99 2632 296 2679 tamquam
328 2624 487 2667 deserto
522 2625 705 2666 vadimo-

767 2318 936 2372 proinde
964 2317 1199 2357 amittebant
1244 2319 1284 2357 ἃ
1314 2317 1380 2370 jus

767 2379 1033 2432 persequendi
1046 2379 1081 2418 in
1099 2378 1251 2432 judicio
1267 2379 1377 2432 quod

767 2440 834 2480 sibi
861 2441 1101 2485 deberetur,
1127 2441 1167 2481 &
1188 2454 1252 2480 res
1276 2440 1379 2494 ipsas

769 2502 817 2542 de
852 2503 991 2554 quihus
1023 2502 1069 2540 lis
1101 2502 1224 2541 foret.

835 2564 856 2602 8
875 2560 1159 2617 Pcrsenatunz]
1176 2562 1233 2603 Ex
1244 2561 1379 2603 anfio-

768 2625 888 2666 ritate
920 2623 1095 2664 senatus.

979 2681 1016 2731 B
1055 2679 1103 2747 iij
