1670 3068
341 96 448 171 176
657 95 1352 155 T1T1L1v11

128 183 319 244 U.c.574‚
335 174 640 242 comperisset
670 176 859 226 hostem
893 180 1059 244 inopia
1094 180 1317 229 laborare
1340 217 1354 240 ,
1384 177 1528 228 castra
1550 179 1630 241 inf

130 243 630 294 ³·<4-175-struffliffima
657 247 882 295 omnibus
915 246 1169 296 esculentis
1203 246 1448 296 deseruisse
1475 265 1484 294 :
1516 259 1644 314 qux·

338 312 572 379 adeptum
593 313 781 362 hostem
805 351 819 373 ,
853 316 902 363 &
925 318 1128 379 repertis
1159 317 1536 380 intemperanter
1552 333 1624 365 re-

338 381 525 447 pletum
549 398 847 448 gravemque
863 420 876 441 ‚
901 383 1098 432 reduc&
1120 386 1332 433 exercitu
1351 383 1581 432 Romano
1603 420 1620 444 ,

337 448 496 498 subito
527 448 803 515 oppreffum
833 448 943 498 esse.
1668 458 1670 463 ⁴

383 516 385 519 ’
415 532 435 581 5
462 516 697 566 Ceterum
716 554 730 575 ‚
761 516 858 565 five
885 518 986 565 haec
1012 517 1196 566 diversa
1227 517 1297 567 est
1312 517 1525 582 ejusdem
1553 520 1638 567 rei·

339 585 484 650 gestae
521 585 728 632 narratio
755 622 769 643 ,
799 583 897 634 five
921 587 1011 634 alia
1045 587 1187 651 plane
1212 604 1287 634 res
1319 605 1373 634 ac
1397 585 1621 646 vicloria·⁵

341 653 622 718 complures
680 653 810 701 certe
863 655 1076 720 populos
1137 653 1388 702 Gracchus
1412 693 1427 715 ‚
1479 670 1623 720 atque

336 720 463 769 adeo
493 735 648 769 totam
689 720 1047 771 Celtiberorum
1097 737 1294 789 gentem
1332 723 1642 788 perdomuit.>

339 787 534 854 Cepisse
558 806 669 838 eum
696 789 746 836 ὃ(
767 790 985 839 evertifi'e
1007 805 1241 839 trecentas
1263 808 1320 839 ex
1345 791 1436 839 illis
1453 790 1626 851 urbeS,

341 873 634 923 quamquam
670 855 928 922 Polybius*
954 861 1113 925 gravis
1155 861 1205 906 in
1250 860 1413 925 primis
1460 857 1626 907 auclor-

341 941 618 986 memorat‚
649 925 775 974 haud
807 942 971 974 tamen
1003 944 1092 992 pro
1124 941 1257 975 certo
1279 924 1514 977 affirmare
1545 944 1630 974 au-

340 991 427 1040 sim
461 1010 475 1051 3
511 991 594 1041 nisi
627 992 660 1041 si
698 993 884 1042 urbium
922 997 1124 1042 nomine
1159 1010 1312 1042 turres
1350 995 1400 1042 &
1440 992 1628 1044 castella

339 1060 656 1126 intelligenda
685 1060 787 1108 sunt
814 1079 825 1109 :
860 1079 957 1128 quo
985 1062 1225 1110 mendacii
1251 1079 1428 1129 genere
1465 1063 1515 1111 ὃ(
1540 1060 1645 1127 ἱρίὶ’

338 1127 583 1177 bellorum
636 1129 780 1178 duces
803 1167 817 1189 ‚
852 1131 904 1179 &
939 1129 1194 1197 scriptores
1236 1148 1432 1196 quoque
1477 1128 1629 1179 histo-

337 1198 514 1245 riarum
566 1213 639 1245 res
680 1195 831 1263 gestas
871 1215 1106 1247 exornare
1138 1213 1315 1246 amant.
1357 1198 1473 1246 Non
1512 1197 1660 1247 His-‚

336 1267 482 1330 pania
525 1266 719 1331 quidem
757 1265 892 1314 arido
934 1267 984 1315 &
1028 1268 1211 1315 inculto
1251 1266 1355 1315 solo
1399 1284 1626 1332 magnam

335 1334 526 1383 urbium
554 1334 914 1383 multitudinem
947 1334 1075 1384 alere
1107 1352 1207 1382 non
1237 1333 1413 1401 potest.
1455 1334 1643 1401 Repu--

336 1418 487 1467 gnant
515 1403 661 1451 etiam
687 1401 1014 1468 Hispanorum
1041 1420 1204 1452 mores
1224 1441 1237 1463 ‚
1263 1402 1295 1451 fi
1326 1404 1513 1452 accolas
1539 1421 1643 1453 no-·

337 1468 416 1518 stri
450 1473 591 1519 maris
641 1473 850 1536 excipias
880 1509 895 1532 ‚
944 1470 1034 1520 feri
1090 1470 1424 1538 agrestesque,
1474 1488 1625 1537 quum

336 1539 560 1588 civilibus
592 1540 780 1588 urbium
814 1539 1137 1588 conventibus
1165 1539 1487 1588 mansuetiora
1521 1538 1632 1589 fieri

335 1606 523 1656 soleant
570 1607 823 1656 hominum
860 1610 1068 1675 ingenia.
1111 1606 1344 1657 Ceterum
1390 1607 1630 1674 quidquid

335 1674 642 1725 statuendum
673 1676 727 1725 sit
770 1677 830 1725 de
866 1693 1070 1726 numero
1107 1689 1186 1724 aut
1222 1693 1398 1743 genere
1440 1675 1630 1724 urbium

335 1762 365 1792 a
402 1743 696 1810 Sempronio
750 1759 997 1810 captarum
1048 1742 1274 1811 (etenim
1327 1746 1375 1792 in
1421 1761 1634 1794 numero

337 1814 526 1860 variant
574 1830 769 1879 quoque
820 1811 1109 1879 scriptores,
1153 1814 1205 1861 ὅ(
1241 1828 1438 1862 centum
1482 1813 1630 1878 quin-

338 1883 568 1947 quaginta
606 1882 719 1940 alii,
756 1880 835 1929 alii
873 1895 1070 1929 centum
1106 1883 1192 1929 tria
1229 1881 1412 1946 oppida
1456 1883 1515 1930 ab
1566 1888 1633 1930 eo

340 1965 483 2016 capta
513 1949 894 2015 memoravere)
928 1966 1128 2015 magnas
1163 1951 1290 1997 certe
1313 1949 1392 1996 ille
1422 1966 1496 1996 res
1529 1948 1646 2015 geso·

341 2015 398 2065 fit
435 2035 446 2066 ε
481 2035 571 2068 nec
624 2017 807 2067 bellicis
854 2019 1041 2065 tantiam
1090 2017 1309 2066 inclaruit
1357 2016 1575 2064 laudibus
1613 2054 1630 2078 ‚

131 2084 428 2140 Gracchussed
466 2086 519 2136 &
558 2087 807 2153 egregium
839 2084 885 2134 se
918 2087 1048 2151 pacis
1088 2085 1354 2151 legumque
1397 2085 1630 2134 modera-

130 2159 305 2216 egregius

126 2223 242 2278 pacis
259 2222 315 2261 le-

129 2298 290 2340 gllnlqlle

133 2347 317 2390 modera-

132 2417 215 2450 tor.

346 2169 506 2204 torem
551 2154 601 2203 ὃ(
643 2154 872 2202 arbitrum
911 2153 1109 2202 deviffis
1149 2155 1373 2220 gentibus
1416 2155 1636 2218 praebuit.

346 2221 475 2272 Nam
509 2222 561 2272 δέ
597 2221 753 2271 divisit
789 2223 1017 2287 inopibus
1055 2238 1224 2288 agrum
1262 2259 1276 2281 ‚
1328 2221 1378 2269 δέ
1413 2221 1547 2271 sedes
1572 2220 1634 2272 ad

344 2290 657 2340 habitandum
692 2288 940 2356 affignavit
961 2327 975 2349 ‚
1004 2290 1055 2338 ὃ(
1088 2289 1313 2338 omnibus
1348 2306 1404 2336 ea
1434 2290 1541 2338 loca
1560 2291 1636 2337 in-

346 2359 618 2409 colentibus
655 2360 849 2424 populis
898 2357 1030 2424 leges
1068 2359 1284 2406 accurate
1331 2356 1587 2423 descriptas
1614 2394 1632 2419 ,

345 2445 406 2477 ex
435 2428 606 2494 quibus
638 2427 686 2474 in
716 2427 924 2475 amicitia
959 2443 1011 2474 ac
1046 2425 1275 2475 societate
1316 2426 1487 2490 po'puli
1519 2425 1644 2474 Ro·-

344 2498 477 2545 mani
511 2498 735 2545 viverent
761 2532 773 2554 ‚
811 2494 924 2542 dato
967 2509 1268 2560 acceptoque
1319 2491 1635 2558 jurejurando

344 2563 575 2613 firmavit.
615 2563 779 2628 Atque
814 2560 954 2625 hujus
999 2563 1195 2627 quidem
1233 2561 1430 2610 foederis
1471 2560 1645 2610 aucto-⁵

344 2634 537 2682 ritatem
568 2631 734 2700 saepius
764 2632 1058 2699 imploravit⁸
1084 2630 1290 2699 sequens
1312 2643 1423 2682 aetas
1455 2629 1504 2680 in
1535 2628 1645 2689 bel-5
