1670 3068
338 128 450 188 394
612 110 668 168 Τ
710 130 734 168 1
779 127 819 167 T
863 129 888 167 1
985 111 1032 167 L
1077 129 1100 166 1
1146 126 1191 165 v
1235 128 1258 166 1
1306 125 1334 165 1

131 193 453 257 U.c.584,hell0
502 189 665 258 injusto
713 209 965 240 communes
1017 193 1189 238 duceret
1234 188 1435 237 omnium
1474 204 1626 255 regum·

130 262 495 327 a.C.1(>{>‘.l20stes.
531 263 611 325 Ad
649 259 946 308 Antiochum
990 273 1154 322 aperta
1187 256 1410 305 mandata
1446 269 1583 305 erant
1613 273 1627 305 ε

342 331 404 378 ad
444 327 716 378 Eumenem
766 345 852 392 per
893 325 1106 391 speciem
1149 326 1458 391 captivorum
1492 324 1628 373 redi-

343 397 637 447 mendorum
671 395 828 444 miffus
857 395 1039 460 legatus
1070 409 1171 442 erat
1208 410 1219 440 z
1255 396 1425 442 verum
1457 392 1629 449 occul-

343 468 464 513 tiora
503 465 724 531 quaedam
774 463 1037 529 agebantur
1072 499 1087 521 ‚
1140 479 1245 527 quae
1288 462 1336 508 in
1380 459 1629 527 praesentia

342 535 546 582 invisum
586 531 783 597 quidem
814 538 862 579 ὅ),
894 529 1155 596 suspe&um
1181 528 1416 578 Romanis
1449 527 1629 577 Eume-

344 619 461 650 nem
513 600 635 648 fallis
693 599 994 665 gravioribus
1044 598 1063 666 [
1113 598 1388 645 criminibus
1454 612 1630 645 onera-

342 667 521 734 bant.]
554 667 777 716 Proditor
802 668 929 716 enim
961 685 1014 716 ac
1048 683 1204 733 prope
1239 665 1383 715 hostis
1406 664 1631 725 habitus,

345 739 460 786 dum
506 743 626 785 inter
656 736 710 785 'se
748 736 845 784 duo
886 753 1026 803 reges
1069 747 1318 800 captantes
1367 733 1535 782 fraude
1575 732 1630 782 &

344 806 544 856 avaritia
564 819 763 854 certant.
802 803 971 871 Cydas
1003 819 1102 853 erat
1125 801 1368 852 Cretensis
1387 840 1401 862 ,
1432 819 1492 850 ex
1518 802 1632 850 inti-

283 892 287 897 ‘
345 878 436 924 mis
466 872 728 922 Eumenis:
768 873 843 920 hic
887 874 1017 938 prihs
1051 872 1111 920 ad
1152 870 1494 937 Amphipolim
1518 887 1630 919 cum

296 952 307 960 “
347 942 585 992 Chimaro
609 941 822 1007 quodam
847 942 1068 1008 populari
1091 940 1173 989 suo
1199 978 1213 998 ‚
1249 940 1485 988 militante
1502 937 1634 1004 apud

345 1010 515 1060 Persea
539 1049 552 1070 ‚
592 1011 703 1058 inde
738 1008 902 1076 postea
941 1013 1002 1056 ad
1036 1007 1448 1067 Demetriadem,
1482 1005 1634 1056 semel

347 1097 459 1129 cum
487 1078 773 1128 Menecrate
804 1078 1016 1145 quodam
1036 1116 1050 1138 ,
1089 1080 1258 1126 iterum
1280 1095 1390 1125 cum
1409 1075 1635 1124 Antima-

349 1148 443 1196 cho
469 1185 483 1208 ‚
519 1150 659 1214 regiis
693 1147 891 1195 ducibus
913 1185 927 1206 ‚
959 1146 1040 1196 sub
1079 1145 1186 1212 ipsis
1221 1145 1461 1193 moenibus
1500 1143 1630 1192 urbis

350 1217 661 1280 colloquutus
692 1215 861 1264 fuerat.
880 1213 1126 1282 Cryphon
1156 1230 1350 1282 quoque
1376 1251 1390 1273 ‚
1414 1214 1495 1279 qui
1527 1227 1632 1260 tum

349 1283 509 1333 missus
538 1283 604 1332 est
627 1323 640 1343 ‚
676 1283 857 1332 duabus
890 1283 950 1331 ad
981 1283 1210 1332 eumdem
1235 1281 1503 1331 Eumenem
1529 1278 1630 1345 jam

350 1354 460 1402 ante
493 1352 814 1420 legationibus
851 1351 1036 1400 funfitus
1073 1366 1190 1400 erat.
1230 1350 1358 1416 Quae
1383 1349 1631 1415 colloquia

351 1421 544 1471 occulta
575 1423 625 1471 &
655 1422 923 1488 legationes
955 1436 975 1486 5
1012 1419 1216 1469 infames
1241 1420 1439 1486 quidem
1464 1432 1600 1466 erant
1621 1433 1637 1466 ι

348 1490 433 1538 sed
453 1528 467 1550 ‚
493 1491 608 1555 quid
637 1489 792 1537 aetum
817 1487 931 1538 effer
951 1527 963 1547 ,
992 1489 1171 1554 quidve
1197 1489 1322 1536 inter
1345 1504 1482 1553 reges
1505 1504 1632 1534 con-

349 1557 553 1609 veniffet
577 1598 591 1617 ‚
629 1557 954 1626 ignorabatur.
987 1557 1084 1605 Res
1109 1573 1270 1605 autem
1300 1559 1363 1604 ita
1383 1555 1428 1604 se
1452 1555 1636 1605 habuit.

206 1638 318 1698 Quid
421 1627 588 1675 XXV.
611 1625 854 1675 Eumenes
876 1642 1034 1691 neque
1056 1624 1174 1675 favit
1196 1624 1409 1673 vi&oriae
1433 1621 1588 1671 Persei
1613 1659 1634 1683 ,

139 1704 261 1742 αέἓωη
350 1713 512 1762 neque
540 1696 672 1745 bello
705 1712 817 1744 eum
849 1695 1079 1743 invadere
1106 1694 1496 1742 animohabuir:
1529 1709 1630 1740 non

131 1765 338 1819 fizeritin·
354 1781 452 1812 tam
487 1766 597 1830 quia
634 1781 846 1830 paternae
872 1765 995 1811 inter
1036 1780 1122 1811 eos
1160 1762 1419 1809 inimicitiae
1455 1776 1590 1808 erant
1616 1797 1632 1818 ‚

139 1842 202 1867 “r
226 1826 323 1865 Per·
354 1834 404 1882 &
430 1833 641 1899 ipsorum
672 1833 795 1880 odiis
826 1833 948 1879 inter
978 1830 1023 1879 se
1058 1829 1263 1879 accensae
1283 1867 1298 1890 ‚
1329 1829 1472 1895 quam
1499 1827 1665 1893 quius

131 1888 204 1944 sea
243 1889 278 1927 δ’
351 1920 450 1950 non
484 1919 540 1951 ea
567 1919 735 1968 regum
762 1901 1006 1949 aemulatio
1030 1937 1043 1959 ‚
1076 1914 1126 1946 ut
1156 1917 1295 1964 aequo
1327 1900 1490 1946 animo
1515 1895 1636 1945 Per-

140 1951 284 1991 Eume·
352 1969 429 2019 sea
461 1985 616 2020 tantas
652 1969 846 2034 adipisci
882 1986 1037 2034 opes,
1070 1982 1349 2032 tantamque
1390 1966 1593 2032 gloriam
1616 2001 1632 2026 ,

140 2027 242 2054 '⁷⁶⁶²‘
351 2055 526 2105 quanta
569 2039 801 2088 Romanis
836 2036 969 2084 vietis
1006 2052 1116 2084 eum
1154 2034 1414 2094 manebat,
1453 2032 1632 2082 Eume-

350 2124 437 2157 nes
469 2107 650 2156 visurus
681 2106 838 2156 fuerit.
875 2104 1123 2154 Cernebat
1142 2105 1192 2153 &
1214 2102 1379 2153 Persea
1401 2102 1497 2163 iam
1517 2102 1633 2150 inde

352 2176 412 2224 ab
444 2178 581 2224 initio
621 2176 736 2223 belli
768 2213 782 2234 ‚
831 2175 967 2222 omni
1003 2173 1157 2222 modo
1191 2172 1324 2238 spem
1357 2172 1487 2238 pacis
1516 2185 1634 2219 ten-

349 2243 464 2293 taffe
485 2283 499 2304 .‚
536 2245 586 2293 &
612 2246 659 2292 in
685 2244 785 2292 dies
808 2243 958 2309 magis
982 2279 995 2300 ,
1025 2260 1124 2308 quo
1164 2242 1367 2307 propior
1390 2239 1630 2288 admove-

350 2330 481 2372 retur
515 2329 669 2362 terror
693 2351 707 2372 ‚
739 2311 855 2360 nihil
894 2328 1053 2374 neque
1087 2327 1228 2377 agere
1273 2309 1400 2357 aliud
1421 2346 1435 2368 ‚
1472 2323 1633 2373 neque

349 2384 586 2449 cogitare.
629 2382 883 2431 Romanos
924 2396 1120 2444 quoque
1152 2416 1166 2437 ‚
1217 2379 1327 2444 quia
1362 2377 1635 2425 traheretur

349 2452 527 2501 diutius
555 2452 655 2519 spe.
674 2451 884 2517 ipsorum
920 2446 1101 2494 bellum
1126 2484 1139 2506 ,
1186 2447 1237 2494 &
1275 2444 1403 2510 ipsos
1441 2445 1585 2493 duces
1612 2481 1631 2503 ,

346 2521 400 2571 &
425 2521 640 2571 senatum
661 2558 676 2582 ,
708 2537 810 2569 non
839 2516 1100 2564 abhorrere
1127 2533 1153 2562 a
1174 2513 1389 2563 finiendo
1421 2528 1518 2561 tam
1549 2515 1627 2560 in-

413 2623 429 2658 ς
467 2608 690 2663 Infames..‚
725 2609 864 2658 erant}
888 2607 951 2646 In·
1016 2618 1089 2642 nos
1104 2601 1477 2654 erant3sufpe8um
1494 2600 1624 2651 procli--

343 2672 474 2713 famiae
497 2672 666 2712 Eumeni
686 2670 790 2726 apud
809 2668 951 2711 Roma·
1015 2666 1136 2707 tionis
1152 2664 1373 2706 Eumenem
1393 2663 1612 2703 faciebam
