1670 3068
334 102 687 157 LIBER
784 99 1078 155 XLIV.
1209 120 1321 172 411

50 180 338 246 «tranquillos
373 177 632 229 consedisse
665 180 909 226 memoriae
953 179 1197 241 proditum
1245 179 1329 229 est.
1352 197 1539 247 U·c-584·

62 247 257 297 Interim
290 248 419 296 fama
452 250 637 296 nuntiat
667 245 843 296 vicium
877 246 925 293 in
952 244 1151 308 Illyrico
1193 245 1331 296 Gen·
1350 252 1536 294 aenos.

61 318 179 364 tium
199 333 362 382 regem
397 316 456 362 ab
485 315 663 362 Anicio
686 330 889 378 praetore
909 350 923 373 ‚
949 311 1200 379 ipsumque
1225 333 1336 363 cum

65 383 216 431 dorno
242 398 342 432 tota
366 383 417 430 ὅ(
439 381 658 430 universa
679 382 863 431 ditione
882 382 929 428 in
958 379 1196 447 potestate
1224 381 1338 431 Ro-

65 449 178 515 ma]
208 467 377 499 norum
396 449 507 498 effe.

132 517 348 566 XXXV.
387 517 517 583 Quae
560 533 633 564 res
671 515 907 565 Romanis
942 518 1070 564 auxit
1111 517 1297 564 animos
1321 553 1337 576 ‚

65 583 420 634 Macedonibus
454 587 651 651 regique
681 602 852 632 eorum
880 584 1005 631 haud
1036 584 1338 632 mediocrem

67 655 220 702 attulit
249 668 500 702 terrorem.
546 650 604 700 Et
635 653 792 715 primo
832 649 1128 716 supprimere
1163 653 1210 699 in
1246 668 1339 700 oc-

69 722 199 769 culto
230 720 407 769 famam
449 718 551 783 ejus
587 722 654 767 rei
691 718 757 768 est
798 735 998 766 conatus
1028 736 1040 775 3
1078 718 1222 766 missis
1259 722 1342 785 qui

67 788 393 837 Pantauchum
456 789 569 836 inde
619 790 902 835 venientem
956 789 1344 852 appropinquare

68 855 222 905 castris
240 870 459 905 vetarent
486 873 501 914 3
533 872 563 918 7
591 853 674 903 sed
697 852 795 919 jam
815 855 866 903 &
886 857 1020 918 pueri
1041 855 1236 919 quidam
1258 853 1344 903 visi

68 925 128 973 ab
159 924 248 972 suis
281 938 416 973 erant
457 925 579 972 inter
614 922 801 972 obsides
845 921 1037 986 Illyrios
1088 922 1213 970 ducii
1242 939 1252 969 :
1290 923 1346 970 &

69 1009 166 1058 quo
207 1009 412 1059 quaeque
455 993 715 1039 accuratius
751 991 964 1038 celantur
992 1028 1005 1049 ‚
1044 1006 1106 1038 eo
1157 990 1340 1039 facilius

67 1060 357 1126 loquacitate
377 1062 618 1126 regiorum
641 1057 959 1106 ministrorum
976 1075 1218 1106 emanant.
1239 1057 1338 1106 Sub
1400 1075 1549 1120 Rhodii

68 1128 201 1176 idem
233 1145 424 1194 tempus
456 1127 633 1176 Rhodii
657 1128 800 1192 legati
827 1128 873 1172 in
903 1124 1051 1174 castra
1073 1133 1476 1191 venerunr‚legasi
1507 1143 1548 1181 in

43 1197 178 1244 cum
224 1195 391 1245 iisdem
438 1196 499 1243 de
539 1212 657 1259 pace
695 1195 932 1243 mandatis
959 1232 972 1253 ‚
1025 1212 1131 1260 quae
1162 1194 1334 1242 Romae
1351 1199 1551 1248 castrave-

67 1264 319 1329 ingentem
356 1266 471 1311 iram
503 1261 697 1310 Parrum
723 1264 1015 1310 excitavere.
1048 1261 1211 1311 Multo
1248 1265 1340 1311 ini·
1357 1263 1484 1302 nium.

70 1333 317 1396 quioribus
340 1333 505 1379 animis
525 1349 550 1378 a
575 1329 791 1378 castrensi
816 1327 1013 1377 consilio
1046 1330 1193 1377 auditi
1220 1329 1343 1380 sunt.

72 1397 241 1465 Itaque
263 1417 410 1464 quum
429 1400 505 1446 alii
525 1400 789 1464 praecipites
810 1396 907 1446 sine
931 1397 1156 1462 responso
1189 1397 1208 1464 [
1232 1415 1347 1453 cen·

74 1466 231 1516 serent
264 1467 285 1534 ]
327 1467 545 1534 agendos
575 1466 729 1513 castris
761 1503 775 1524 ,
826 1467 1154 1530 pronuntiavit
1184 1503 1198 1526 ‚
1241 1465 1348 1532 post

76 1535 205 1583 diem
231 1535 698 1601 quintumdecimum
732 1532 779 1581 se
811 1533 1084 1598 responsum
1114 1533 1350 1584 daturum.

75 1601 272 1651 Interim
307 1641 322 1662 ‚
363 1618 416 1651 ut
443 1617 695 1667 appareret
735 1603 964 1666 quantum
995 1600 1352 1665 pacificantium

28 1683 31 1686 '
76 1669 382 1719 Rhodiorum
424 1669 673 1718 aufioritas
708 1667 920 1717 valuiffet
944 1707 958 1727 ‚
989 1669 1257 1718 consultare
1288 1671 1351 1720 de

75 1741 265 1787 ratione
294 1738 409 1787 belli
439 1738 636 1804 gerendi
680 1738 844 1801 coepit.
890 1735 1118 1786 Placebat
1150 1738 1348 1804 quibus-
1383 1753 1555 1807 eonfilga

82 1805 193 1853 dam
215 1845 229 1867 ‚
267 1806 319 1854 &
353 1807 561 1854 maxime
588 1807 851 1853 minoribus
880 1819 993 1852 natu
1017 1843 1031 1866 ,
1058 1821 1145 1869 per
1174 1804 1405 1872 Enipeide
1429 1815 1553 1860 bello.

80 1875 231 1937 ripam
268 1872 653 1937 munitionesque
682 1874 781 1920 vim
816 1872 1007 1921 facere:
1047 1872 1269 1939 Consentis
1303 1876 1348 1924 ὃ»

33 1963 39 1968 ·
82 1944 175 1990 vim
206 1940 488 2007 facientibus
527 1942 702 2008 refistere
742 1943 1028 1988 Macedonas
1060 1959 1150 1989 non
1181 1939 1305 2007 p0ffi²
1331 1982 1351 2002 ³

83 2027 138 2056 ex
170 2024 234 2056 tot
276 2010 468 2075 castellis
502 2010 741 2074 aliquanto
776 2009 1016 2056 altioribus
1050 2027 1105 2056 ac
1142 2013 1355 2058 munitio-

85 2077 242 2135 ribus,
281 2095 376 2142 quae
409 2077 587 2126 validis
619 2077 842 2143 praefidiis
875 2072 1126 2139 insedffm
1152 2115 1170 2136 ,
1209 2080 1356 2143 priore

147 2213 172 2250 7
194 2200 276 2239 Sed
292 2200 374 2252 jam
399 2201 434 2240 G·
458 2200 571 2255 pueri
605 2200 688 2256 qui·

86 2262 204 2315 dam]
236 2263 346 2302 Nihil
376 2263 604 2302 intricatum
636 2262 690 2302 est

87 2323 126 2363 in
155 2323 287 2363 verbis
311 2337 322 2363 ι
348 2324 413 2364 sed
441 2338 503 2363 res
524 2324 602 2376 ipsa
622 2338 686 2376 pa-

87 2398 171 2424 rum
201 2387 322 2424 clara.
351 2385 391 2424 Si
423 2384 568 2437 obfides
592 2383 692 2439 Illy-

90 2445 168 2485 rios
214 2447 414 2500 intelligas
463 2445 617 2486 obfides
669 2461 691 2486 a

90 2505 236 2547 Perseo
262 2507 347 2562 regi
369 2506 525 2547 Gentio
550 2508 689 2554 datos,

43 2611 47 2615 ‚
91 2567 132 2608 δι
165 2583 185 2607 a
223 2568 454 2609 Pantaucho
484 2569 693 2610 subducstos

92 2642 142 2669 ne
174 2629 214 2670 in
252 2630 524 2673 Romanorum
555 2645 693 2674 manus

751 2200 977 2241 inciderent
998 2228 1009 2248 ,
1038 2201 1193 2254 poteris
1213 2201 1264 2242 fic
1286 2217 1359 2243 ex-

750 2276 904 2316 ponere
926 2262 1243 2316 :Pueriquidam
1264 2265 1360 2304 Ma-

753 2324 930 2365 cedones
961 2325 1095 2364 traditi
1112 2325 1218 2365 inter
1247 2337 1360 2366 cete-

753 2400 820 2425 ros
840 2385 993 2427 obsides
1022 2386 1175 2426 Gentio
1198 2415 1208 2433 ,
1237 2388 1277 2427 &
1297 2401 1360 2428 re·

755 2447 859 2486 dufli
905 2448 944 2487 in
997 2447 1283 2487 Macedoniam
1336 2463 1359 2491 a
1394 2488 1419 2501 ‚..

755 2507 1010 2556 Pantaucho,
1027 2507 1093 2548 vifi
1107 2524 1124 2547 a
1139 2508 1215 2549 suis
1229 2521 1358 2558 erant,

756 2570 904 2623 eosque
938 2571 1218 2617 edocuerant,
1265 2571 1361 2625 quid

757 2631 797 2674 in
820 2631 984 2687 Illyrico
1013 2630 1161 2684 gestum
1185 2632 1299 2675 effet-
1319 2663 1322 2666 ι

992 2687 1091 2756 sij
