1670 3068
328 91 662 144 INDEX
733 91 1112 143 RERUM.
1283 112 1370 161 521

151 171 225 213 que
249 158 348 216 aeger
366 162 598 204 Brundisium
616 160 782 204 defertur
803 191 815 212 ,
841 160 943 202 XLV
959 189 973 206 ‚
997 174 1064 211 14.
1093 161 1126 203 ei
1150 173 1171 202 a
1188 159 1374 204 Romanis

152 226 307 257 munera
331 215 418 258 data
435 249 446 268 ,
470 217 566 260 ibid.

98 267 155 321 Q.
188 269 340 312 Mucius
372 271 545 314 Scaevola
567 301 578 321 ‚
611 277 750 324 praetor
773 299 785 320 ,
813 266 882 310 XL
908 297 920 319 ,
958 279 1028 318 44.
1064 268 1232 312 tribunus
1268 269 1376 314 milit.

153 323 256 364 XLII
278 357 288 375 ,
321 337 389 376 49.
417 326 562 380 legatus
580 357 591 374 ,
626 325 693 376 67.

97 375 228 427 Muli,
264 379 505 421 tabernacula
527 408 538 424 ‚
569 380 610 420 ὅ(
642 379 770 420 omnia
815 376 886 418 alia
926 375 1166 417 instrumenta
1202 377 1376 419 militar'a

151 433 425 527 ffiagistratibtlis
454 434 491 474 in
525 434 742 487 provincias
777 433 880 473 ituris
918 430 1187 472 subministrata
1222 432 1270 472 de
1305 445 1378 485 pu·-

198 489 259 528 ico
316 488 383 528 XL
406 488 452 533 Ι,
487 500 524 529 1.

96 517 291 582 Muliebri}
326 541 441 584 vestis
465 573 476 592 ‚
515 554 595 594 quae
633 540 744 594 pluris
780 540 868 582 esset
901 538 1015 594 quiim
1044 538 1261 592 quindecim
1294 539 1377 580 mil-

154 595 244 637 lium
272 597 350 638 aerIS
371 627 382 646 ‚
412 598 448 638 in
477 595 629 638 censum
659 595 796 638 deferri
827 593 945 648 luffa,
972 592 1148 636 XXXIX
1166 625 1177 646 ,
1199 605 1269 645 44·

710 703 763 746 N.

100 760 474 856 NESART1UM
496 843 507 859 ‚
530 813 712 868 oppidum
741 811 854 854 Istriae
873 841 883 861 ‚
903 810 1098 853 obsidetur
1127 824 1147 852 a
1165 810 1375 862 Romanis,

152 866 239 908 XLI
258 899 268 917 ‚
303 880 369 912 10.
397 868 529 910 obseffi
560 867 743 921 conjuges
766 867 805 907 ὅ(
837 866 981 908 liberos
1014 865 1222 919 occidunt,
1244 867 1285 907 ὃ(
1306 879 1377 921 pa-

153 921 226 963 lam
251 923 287 962 in
320 923 434 964 muris
463 922 674 966 trucidatos
705 921 967 976 praecipitant,
988 921 1084 962 ibid.

716 1031 772 1074 O.

100 1087 515 1182 Cn.Oc·rAvms
548 1130 708 1193 praetor,
735 1139 859 1181 XLIV
879 1170 890 1189 ‚
924 1137 992 1192 17.'
1021 1138 1219 1181 decemvir
1247 1138 1378 1181 sacro-

151 1205 234 1238 rum
257 1225 267 1243 ,
291 1194 354 1234 18.
373 1206 460 1235 cum
492 1192 598 1236 claffe
625 1194 912 1234 Samozhracam
945 1194 1158 1248 appellitur,
1185 1192 1289 1234 XLV
1306 1225 1316 1242 ,
1339 1205 1378 1245 5.

152 1247 188 1289 ei
221 1260 308 1289 curn
327 1247 405 1289 filio
423 1246 598 1301 Philippo
625 1248 661 1289 se
688 1248 798 1289 tradit
817 1248 1000 1292 Perseus,
1034 1248 1074 1291 6.
1102 1246 1266 1301 praedam
1288 1247 1378 1289 Ma·

154 1301 382 1396 ῗὶεᾱίρηῑςεὶηι
411 1301 576 1344 Romam
593 1301 695 1348 fert,
725 1315 790 1356 33.
810 1303 890 1357 ejus
919 1304 1127 1357 triumphus
1157 1300 1307 1343 navalis
1327 1301 1376 1344 de

185 1368 227 1398 er
245 1368 294 1397 eo
318 1384 330 1401 ,
356 1369 426 1406 42.

96 1409 331 1453 Onomastus
348 1442 358 1460 ,
386 1411 578 1452 maritimae
612 1423 686 1453 orae
705 1410 903 1466 praefeff'cus
924 1423 944 1452 a
961 1409 1136 1465 Philippo
1157 1443 1167 1462 ‚
1184 1410 1276 1463 'jussu
1294 1410 1376 1461 ejus

151 1463 390 1514 Maronitas,
422 1466 631 1507 intromiffis
669 1467 704 1506 in
732 1467 864 1507 urbem
893 1465 1108 1508 Thracibus
1129 1497 1139 1514 ,
1183 1466 1378 1508 trucidat,

153 1518 332 1562 XXXIX
349 1550 360 1572 ,
380 1532 447 1574 34.
463 1532 552 1564 cum
569 1518 745 1576 Philippo
764 1520 908 1574 judicat
925 1519 974 1563 de
991 1520 1191 1562 Demetrio
1206 1549 1218 1569 ,
1231 1518 1298 1560 XL
1311 1548 1320 1570 ‚
1334 1519 1378 1564 8.

699 1627 746 1671 P.

100 1685 174 1777 P
183 1749 575 1781 AMPHYLIORUM
602 1737 716 1793 legati
747 1750 934 1780 coronam
965 1749 1140 1789 auream,
1167 1749 1215 1780 ex
1245 1736 1379 1792 vigint}

155 1792 314 1834 millibus
351 1792 635 1848 Philippeorum
683 1793 819 1835 fastam
848 1824 860 1845 ,
901 1794 938 1834 in
987 1794 1131 1837 curiam
1167 1791 1329 1835 inferunt
1363 1821 1379 1843 ,

154 1846 278 1887 XLIV
294 1879 304 1898 ‚
330 1860 392 1897 14.
1191 1883 1193 1885 ,

97 1897 306 1942 Pantaleon
328 1933 338 1952 ‚
366 1901 524 1943 AEtoliae
550 1903 725 1957 princeps
745 1932 756 1953 ,
779 1901 946 1956 protegit
981 1901 1195 1943 Eumenem
1232 1913 1254 1942 a
1290 1913 1380 1955 per-

155 1955 361 1996 cussoribus
380 1987 390 2004 ‚
417 1955 545 2002 XLII,
583 1969 646 2008 15.
1187 1977 1193 1982 ·

97 2005 338 2051 Pantauchus
373 2009 483 2052 obses
514 2023 533 2050 a
561 2008 700 2052 Perseo
723 2009 833 2052 datur
856 2011 987 2065 legatis
1008 2010 1195 2053 Romanis
1210 2038 1220 2054 ‚
1240 2008 1345 2050 XLII
1365 2039 1378 2060 ‚

153 2064 287 2157 {49quae
309 2064 491 2105 Gentium
515 2065 672 2106 mittitus
696 2065 841 2120 legatus
870 2065 1030 2117 foederis
1050 2065 1212 2107 faciendi
1233 2063 1348 2107 causfi
1366 2094 1379 2112 ,

295 2146 306 2163 ,
337 2130 404 2171 23.

99 2170 370 2213 pantherarum
393 2174 433 2214 ὃ(
452 2173 606 2214 leonum
627 2173 781 2215 venatio
805 2173 940 2215 Romae
959 2204 970 2220 ,
989 2174 1165 2215 XXXIX
1185 2204 1195 2221 ,
1228 2186 1296 2215 22.

98 2223 275 2267 pastores
316 2227 350 2267 in
393 2228 526 2281 Apulia
560 2227 787 2277 coniurant,
818 2229 974 2282 viasque
1006 2230 1046 2269 &
1088 2229 1224 2282 pascua
1252 2228 1376 2267 latro-

156 2282 260 2322 ciniis
279 2280 406 2322 infesta
427 2282 594 2331 liabent,
615 2282 813 2330 XXXIX,
832 2295 896 2335 29.
915 2282 963 2324 ad
983 2283 1122 2337 septem
1146 2281 1258 2323 nullia
1280 2293 1378 2323 con«

154 2334 307 2376 demntit
326 2334 365 2376 L.
389 2335 602 2377 Postumius
649 2346 761 2377 raetor
784 2368 793 2382 ,
812 2339 909 2379 ibid.

102 2386 259 2431 Perseus
283 2402 294 2435 3
318 2403 434 2444 prava
455 2391 534 2440 eius
558 2392 591 2430 in
656 2392 853 2433 emetrium
881 2391 1031 2433 consilia
1053 2422 1063 2439 ,
1088 2390 1155 2431 XL
1177 2421 1187 2439 ‚
1212 2401 1247 2440 5.
1268 2388 1375 2430 ludi-

155 2456 224 2485 cro
258 2447 465 2486 certamine
501 2446 664 2486 vincitur
699 2458 719 2487 a
755 2446 955 2487 Demetrio
991 2475 1002 2494 ,
1038 2446 1077 2485 6.
1113 2445 1264 2486 accusat
1296 2445 1377 2484 De-

156 2500 330 2541 metrium
352 2499 448 2552 apud
471 2509 639 2552 patrem,
661 2499 710 2545 8,
727 2511 768 2552 9.
792 2500 827 2539 G·
846 2511 894 2552 23
918 2533 928 2549 ,
954 2512 1020 2550 24.
1052 2499 1132 2549 ejus
1164 2500 1199 2538 in
1233 2498 1382 2539 Deme-

156 2554 264 2594 trium
295 2553 428 2594 iusldiae
474 2553 725 2608 deteguntur,
760 2566 822 2605 55.
850 2567 1005 2608 regnum
1055 2553 1196 2594 scelere
1229 2562 1378 2604 partum

157 2607 325 2654 invadit,
358 2608 419 2658 56.
439 2609 672 2661 Antigonum
700 2618 806 2649 curat
832 2606 1136 2649 interficiendum
1154 2637 1164 2654 ,
1193 2607 1257 2658 58.
1281 2607 1381 2658 lega·

158 2669 221 2702 tos
246 2661 407 2704 Romam
441 2663 578 2713 mittit,
610 2671 742 2717 petens
778 2672 820 2704 ut
846 2674 914 2705 rex
943 2661 990 2704 ab
1027 2662 1154 2704 senatu
1175 2660 1382 2715 appellare-
