<?xml version="1.0" encoding="UTF-8"?>
<!DOCTYPE html PUBLIC "-//W3C//DTD XHTML 1.0 Transitional//EN"
    "http://www.w3.org/TR/xhtml1/DTD/xhtml1-transitional.dtd">
<html xmlns="http://www.w3.org/1999/xhtml" xml:lang="en" lang="en">
 <head>
  <title>
</title>
<meta http-equiv="Content-Type" content="text/html;charset=utf-8" />
  <meta name='ocr-system' content='tesseract 3.04.00' />
  <meta name='ocr-capabilities' content='ocr_page ocr_carea ocr_par ocr_line ocrx_word'/>
</head>
<body>
  <div class='ocr_page' id='page_1' title='image "./tliviipatavinihi0302livy/tliviipatavinihi0302livy_0410.png"; bbox 0 0 1670 3068; ppageno 0'>
   <div class='ocr_carea' id='block_1_1' title="bbox 132 109 1646 2101">
    <p class='ocr_par' dir='ltr' id='par_1_1' title="bbox 150 109 1636 326">
     <span class='ocr_line' id='line_1_1' title="bbox 357 109 1347 183; baseline 0.002 -17"><span class='ocrx_word' id='word_1_1' title='bbox 357 112 475 183; x_wconf 62' lang='lat'><strong>406</strong></span> <span class='ocrx_word' id='word_1_2' title='bbox 640 109 696 166; x_wconf 83' lang='lat' dir='ltr'>T</span> <span class='ocrx_word' id='word_1_3' title='bbox 742 127 761 166; x_wconf 83' lang='lat'>1</span> <span class='ocrx_word' id='word_1_4' title='bbox 806 127 846 166; x_wconf 88' lang='lat' dir='ltr'>T</span> <span class='ocrx_word' id='word_1_5' title='bbox 892 126 912 166; x_wconf 86' lang='lat'>1</span> <span class='ocrx_word' id='word_1_6' title='bbox 1010 111 1054 166; x_wconf 92' lang='lat' dir='ltr'>L</span> <span class='ocrx_word' id='word_1_7' title='bbox 1100 126 1121 165; x_wconf 94' lang='lat'>1</span> <span class='ocrx_word' id='word_1_8' title='bbox 1167 127 1212 165; x_wconf 84' lang='lat' dir='ltr'><strong>v</strong></span> <span class='ocrx_word' id='word_1_9' title='bbox 1257 128 1277 166; x_wconf 95' lang='lat'>1</span> <span class='ocrx_word' id='word_1_10' title='bbox 1327 128 1347 168; x_wconf 92' lang='lat'>1</span> 
     </span>
     <span class='ocr_line' id='line_1_2' title="bbox 150 190 1636 260; baseline 0.004 -22"><span class='ocrx_word' id='word_1_11' title='bbox 150 191 591 260; x_wconf 56' lang='lat' dir='ltr'><strong>U‚c‚584‚traditus:</strong></span> <span class='ocrx_word' id='word_1_12' title='bbox 630 206 649 257; x_wconf 88' lang='lat'>5</span> <span class='ocrx_word' id='word_1_13' title='bbox 684 192 765 239; x_wconf 81' lang='lat' dir='ltr'><strong>vix</strong></span> <span class='ocrx_word' id='word_1_14' title='bbox 801 191 1086 259; x_wconf 81' lang='lat' dir='ltr'><strong>gladiatorio</strong></span> <span class='ocrx_word' id='word_1_15' title='bbox 1119 207 1324 257; x_wconf 86' lang='lat' dir='ltr'><strong>accepto</strong></span> <span class='ocrx_word' id='word_1_16' title='bbox 1359 190 1539 241; x_wconf 86' lang='lat' dir='ltr'><strong>decem</strong></span> <span class='ocrx_word' id='word_1_17' title='bbox 1560 206 1636 245; x_wconf 87' lang='lat' dir='ltr'><strong>ta-</strong></span> 
     </span>
     <span class='ocr_line' id='line_1_3' title="bbox 151 257 1632 326; baseline 0.005 -22"><span class='ocrx_word' id='word_1_18' title='bbox 151 265 339 308; x_wconf 64' lang='lat' dir='ltr'><strong>a.(j.t68.</strong></span> <span class='ocrx_word' id='word_1_19' title='bbox 357 259 501 309; x_wconf 85' lang='lat' dir='ltr'><strong>lentis</strong></span> <span class='ocrx_word' id='word_1_20' title='bbox 517 259 575 306; x_wconf 88' lang='lat' dir='ltr'><strong>ab</strong></span> <span class='ocrx_word' id='word_1_21' title='bbox 597 276 710 326; x_wconf 78' lang='lat' dir='ltr'><strong>rege</strong></span> <span class='ocrx_word' id='word_1_22' title='bbox 728 277 810 308; x_wconf 82' lang='lat' dir='ltr'><strong>rex</strong></span> <span class='ocrx_word' id='word_1_23' title='bbox 831 298 844 318; x_wconf 91' lang='lat'>‚</span> <span class='ocrx_word' id='word_1_24' title='bbox 865 273 916 307; x_wconf 91' lang='lat' dir='ltr'><strong>ut</strong></span> <span class='ocrx_word' id='word_1_25' title='bbox 938 260 983 305; x_wconf 91' lang='lat' dir='ltr'><strong>in</strong></span> <span class='ocrx_word' id='word_1_26' title='bbox 999 275 1105 305; x_wconf 89' lang='lat' dir='ltr'><strong>eam</strong></span> <span class='ocrx_word' id='word_1_27' title='bbox 1120 257 1364 308; x_wconf 86' lang='lat' dir='ltr'><strong>fortunam</strong></span> <span class='ocrx_word' id='word_1_28' title='bbox 1383 261 1632 315; x_wconf 82' lang='lat' dir='ltr'><strong>recideret.</strong></span> 
     </span>
    </p>

    <p class='ocr_par' dir='ltr' id='par_1_2' title="bbox 350 325 1646 667">
     <span class='ocr_line' id='line_1_4' title="bbox 427 325 1628 395; baseline 0.002 -19"><span class='ocrx_word' id='word_1_29' title='bbox 427 325 640 376; x_wconf 91' lang='lat' dir='ltr'><strong>XXXII.</strong></span> <span class='ocrx_word' id='word_1_30' title='bbox 666 329 867 375; x_wconf 86' lang='lat' dir='ltr'>Anicius</span> <span class='ocrx_word' id='word_1_31' title='bbox 900 326 1083 374; x_wconf 64' lang='lat' dir='ltr'><strong>Scodra</strong></span> <span class='ocrx_word' id='word_1_32' title='bbox 1114 329 1311 393; x_wconf 65' lang='lat' dir='ltr'><strong>recepta</strong></span> <span class='ocrx_word' id='word_1_33' title='bbox 1330 365 1345 388; x_wconf 84' lang='lat'>,</span> <span class='ocrx_word' id='word_1_34' title='bbox 1371 329 1482 376; x_wconf 84' lang='lat' dir='ltr'><strong>nihil</strong></span> <span class='ocrx_word' id='word_1_35' title='bbox 1505 333 1628 395; x_wconf 73' lang='lat' dir='ltr'><strong>prius</strong></span> 
     </span>
     <span class='ocr_line' id='line_1_5' title="bbox 351 393 1631 463; baseline 0.002 -20"><span class='ocrx_word' id='word_1_36' title='bbox 351 395 499 462; x_wconf 71' lang='lat' dir='ltr'><strong>quam</strong></span> <span class='ocrx_word' id='word_1_37' title='bbox 514 394 766 461; x_wconf 82' lang='lat' dir='ltr'><strong>requifitos</strong></span> <span class='ocrx_word' id='word_1_38' title='bbox 787 393 1024 443; x_wconf 80' lang='lat' dir='ltr'><strong>Petillium</strong></span> <span class='ocrx_word' id='word_1_39' title='bbox 1036 393 1429 463; x_wconf 83' lang='lat' dir='ltr'><strong>Perpernamque</strong></span> <span class='ocrx_word' id='word_1_40' title='bbox 1448 396 1631 463; x_wconf 69' lang='lat' dir='ltr'><strong>legatos</strong></span> 
     </span>
     <span class='ocr_line' id='line_1_6' title="bbox 355 460 1631 528; baseline 0 -14"><span class='ocrx_word' id='word_1_41' title='bbox 355 465 415 518; x_wconf 81' lang='lat' dir='ltr'><strong>ad</strong></span> <span class='ocrx_word' id='word_1_42' title='bbox 447 464 493 513; x_wconf 90' lang='lat' dir='ltr'><strong>se</strong></span> <span class='ocrx_word' id='word_1_43' title='bbox 537 464 645 510; x_wconf 85' lang='lat' dir='ltr'><strong>duci</strong></span> <span class='ocrx_word' id='word_1_44' title='bbox 675 460 834 526; x_wconf 77' lang='lat' dir='ltr'><strong>juffit:</strong></span> <span class='ocrx_word' id='word_1_45' title='bbox 866 463 1039 528; x_wconf 81' lang='lat' dir='ltr'><strong>quibus</strong></span> <span class='ocrx_word' id='word_1_46' title='bbox 1071 462 1329 528; x_wconf 80' lang='lat' dir='ltr'><strong>splendore</strong></span> <span class='ocrx_word' id='word_1_47' title='bbox 1376 465 1460 513; x_wconf 87' lang='lat' dir='ltr'><strong>suo</strong></span> <span class='ocrx_word' id='word_1_48' title='bbox 1496 466 1631 514; x_wconf 86' lang='lat' dir='ltr'><strong>resti-</strong></span> 
     </span>
     <span class='ocr_line' id='line_1_7' title="bbox 350 530 1646 597; baseline 0.003 -17"><span class='ocrx_word' id='word_1_49' title='bbox 350 546 491 591; x_wconf 83' lang='lat' dir='ltr'><strong>tuto,</strong></span> <span class='ocrx_word' id='word_1_50' title='bbox 527 530 820 596; x_wconf 79' lang='lat' dir='ltr'>Perpernam</span> <span class='ocrx_word' id='word_1_51' title='bbox 854 531 1104 595; x_wconf 79' lang='lat' dir='ltr'><strong>extemplo</strong></span> <span class='ocrx_word' id='word_1_52' title='bbox 1141 534 1285 580; x_wconf 83' lang='lat' dir='ltr'><strong>mittit</strong></span> <span class='ocrx_word' id='word_1_53' title='bbox 1311 533 1370 580; x_wconf 83' lang='lat' dir='ltr'><strong>ad</strong></span> <span class='ocrx_word' id='word_1_54' title='bbox 1404 550 1646 597; x_wconf 82' lang='lat' dir='ltr'><strong>compre--</strong></span> 
     </span>
     <span class='ocr_line' id='line_1_8' title="bbox 351 598 1646 667; baseline 0.001 -19"><span class='ocrx_word' id='word_1_55' title='bbox 351 599 642 649; x_wconf 84' lang='lat' dir='ltr'><strong>hendendos</strong></span> <span class='ocrx_word' id='word_1_56' title='bbox 665 601 846 648; x_wconf 89' lang='lat' dir='ltr'><strong>amicos</strong></span> <span class='ocrx_word' id='word_1_57' title='bbox 873 598 1202 666; x_wconf 84' lang='lat' dir='ltr'><strong>cognatosque</strong></span> <span class='ocrx_word' id='word_1_58' title='bbox 1222 603 1346 667; x_wconf 81' lang='lat' dir='ltr'><strong>regis</strong></span> <span class='ocrx_word' id='word_1_59' title='bbox 1368 618 1382 661; x_wconf 81' lang='lat'>3</span> <span class='ocrx_word' id='word_1_60' title='bbox 1410 602 1491 667; x_wconf 84' lang='lat' dir='ltr'><strong>qui</strong></span> <span class='ocrx_word' id='word_1_61' title='bbox 1523 601 1646 653; x_wconf 78' lang='lat' dir='ltr'><strong>Me.-</strong></span> 
     </span>
    </p>

    <p class='ocr_par' dir='ltr' id='par_1_3' title="bbox 351 667 1635 735">
     <span class='ocr_line' id='line_1_9' title="bbox 351 667 1635 735; baseline 0.002 -19"><span class='ocrx_word' id='word_1_62' title='bbox 351 669 567 716; x_wconf 86' lang='lat' dir='ltr'><strong>deonem</strong></span> <span class='ocrx_word' id='word_1_63' title='bbox 614 667 900 716; x_wconf 83' lang='lat' dir='ltr'>Labeatium</span> <span class='ocrx_word' id='word_1_64' title='bbox 944 669 1100 734; x_wconf 82' lang='lat' dir='ltr'><strong>gentis</strong></span> <span class='ocrx_word' id='word_1_65' title='bbox 1138 667 1306 717; x_wconf 83' lang='lat' dir='ltr'><strong>urbem</strong></span> <span class='ocrx_word' id='word_1_66' title='bbox 1345 668 1589 735; x_wconf 60' lang='lat' dir='ltr'><strong>profeffixs</strong></span> <span class='ocrx_word' id='word_1_67' title='bbox 1617 706 1635 734; x_wconf 84' lang='lat'><strong>,</strong></span> 
     </span>
    </p>

    <p class='ocr_par' dir='ltr' id='par_1_4' title="bbox 351 734 1634 797">
     <span class='ocr_line' id='line_1_10' title="bbox 351 734 1634 797; baseline 0.004 -14"><span class='ocrx_word' id='word_1_68' title='bbox 351 734 575 785; x_wconf 85' lang='lat' dir='ltr'><strong>Etlevam</strong></span> <span class='ocrx_word' id='word_1_69' title='bbox 616 753 820 784; x_wconf 86' lang='lat' dir='ltr'><strong>uxorem</strong></span> <span class='ocrx_word' id='word_1_70' title='bbox 858 753 966 783; x_wconf 88' lang='lat' dir='ltr'><strong>cum</strong></span> <span class='ocrx_word' id='word_1_71' title='bbox 1012 734 1119 784; x_wconf 76' lang='lat' dir='ltr'><strong>filiis</strong></span> <span class='ocrx_word' id='word_1_72' title='bbox 1159 737 1346 784; x_wconf 88' lang='lat' dir='ltr'><strong>duobus</strong></span> <span class='ocrx_word' id='word_1_73' title='bbox 1378 775 1392 797; x_wconf 90' lang='lat'>,</span> <span class='ocrx_word' id='word_1_74' title='bbox 1443 737 1634 788; x_wconf 81' lang='lat' dir='ltr'><strong>Scerdi-</strong></span> 
     </span>
    </p>

    <p class='ocr_par' dir='ltr' id='par_1_5' title="bbox 349 801 1633 870">
     <span class='ocr_line' id='line_1_11' title="bbox 349 801 1633 870; baseline 0.003 -18"><span class='ocrx_word' id='word_1_75' title='bbox 349 803 452 852; x_wconf 83' lang='lat' dir='ltr'><strong>leto</strong></span> <span class='ocrx_word' id='word_1_76' title='bbox 471 802 793 870; x_wconf 68' lang='lat' dir='ltr'>Pleuratoque</span> <span class='ocrx_word' id='word_1_77' title='bbox 816 842 830 863; x_wconf 82' lang='grc'><em>,</em></span> <span class='ocrx_word' id='word_1_78' title='bbox 856 803 904 850; x_wconf 86' lang='lat'>&amp;</span> <span class='ocrx_word' id='word_1_79' title='bbox 930 801 1274 852; x_wconf 87' lang='lat' dir='ltr'><strong>Caravantium</strong></span> <span class='ocrx_word' id='word_1_80' title='bbox 1294 804 1490 854; x_wconf 79' lang='lat' dir='ltr'><strong>fratrem</strong></span> <span class='ocrx_word' id='word_1_81' title='bbox 1508 806 1633 856; x_wconf 84' lang='lat' dir='ltr'>Sco-</span> 
     </span>
    </p>

    <p class='ocr_par' dir='ltr' id='par_1_6' title="bbox 348 870 1646 1007">
     <span class='ocr_line' id='line_1_12' title="bbox 350 870 1646 940; baseline 0.003 -20"><span class='ocrx_word' id='word_1_82' title='bbox 350 872 488 921; x_wconf 88' lang='lat' dir='ltr'><strong>dram</strong></span> <span class='ocrx_word' id='word_1_83' title='bbox 529 874 574 919; x_wconf 88' lang='lat' dir='ltr'><strong>in</strong></span> <span class='ocrx_word' id='word_1_84' title='bbox 611 870 755 919; x_wconf 80' lang='lat' dir='ltr'><strong>castra</strong></span> <span class='ocrx_word' id='word_1_85' title='bbox 787 872 996 920; x_wconf 82' lang='lat' dir='ltr'><strong>adduxit.</strong></span> <span class='ocrx_word' id='word_1_86' title='bbox 1043 871 1245 921; x_wconf 75' lang='lat' dir='ltr'>Anicius</span> <span class='ocrx_word' id='word_1_87' title='bbox 1287 873 1418 922; x_wconf 90' lang='lat' dir='ltr'><strong>bello</strong></span> <span class='ocrx_word' id='word_1_88' title='bbox 1463 872 1646 940; x_wconf 82' lang='lat' dir='ltr'><strong>Illyrio-</strong></span> 
     </span>
     <span class='ocr_line' id='line_1_13' title="bbox 348 939 1634 1007; baseline 0.002 -19"><span class='ocrx_word' id='word_1_89' title='bbox 348 942 471 989; x_wconf 82' lang='lat' dir='ltr'><strong>intra</strong></span> <span class='ocrx_word' id='word_1_90' title='bbox 501 941 689 1007; x_wconf 81' lang='lat' dir='ltr'><strong>triginta</strong></span> <span class='ocrx_word' id='word_1_91' title='bbox 726 941 823 988; x_wconf 70' lang='lat' dir='ltr'><strong>dies</strong></span> <span class='ocrx_word' id='word_1_92' title='bbox 875 939 1091 1005; x_wconf 51' lang='lat' dir='ltr'><strong>perfeeto</strong></span> <span class='ocrx_word' id='word_1_93' title='bbox 1117 977 1130 999; x_wconf 84' lang='lat'>‚</span> <span class='ocrx_word' id='word_1_94' title='bbox 1179 944 1398 990; x_wconf 78' lang='lat' dir='ltr'><strong>nuntium</strong></span> <span class='ocrx_word' id='word_1_95' title='bbox 1425 942 1634 995; x_wconf 63' lang='lat' dir='ltr'><strong>vifioriae</strong></span> 
     </span>
    </p>

    <p class='ocr_par' dir='ltr' id='par_1_7' title="bbox 346 1007 1629 1076">
     <span class='ocr_line' id='line_1_14' title="bbox 346 1007 1629 1076; baseline 0.004 -20"><span class='ocrx_word' id='word_1_96' title='bbox 346 1007 641 1075; x_wconf 77' lang='lat' dir='ltr'><strong>Perpernam</strong></span> <span class='ocrx_word' id='word_1_97' title='bbox 670 1007 883 1057; x_wconf 86' lang='lat' dir='ltr'><strong>Romam</strong></span> <span class='ocrx_word' id='word_1_98' title='bbox 919 1007 1075 1067; x_wconf 71' lang='lat' dir='ltr'><strong>mii&#39;1t3</strong></span> <span class='ocrx_word' id='word_1_99' title='bbox 1111 1011 1160 1056; x_wconf 64' lang='grc' dir='ltr'><strong>ὀί</strong></span> <span class='ocrx_word' id='word_1_100' title='bbox 1187 1008 1292 1075; x_wconf 87' lang='lat' dir='ltr'><strong>post</strong></span> <span class='ocrx_word' id='word_1_101' title='bbox 1323 1011 1424 1058; x_wconf 88' lang='lat' dir='ltr'><strong>dies</strong></span> <span class='ocrx_word' id='word_1_102' title='bbox 1447 1029 1629 1076; x_wconf 79' lang='lat' dir='ltr'><strong>paucos</strong></span> 
     </span>
    </p>

    <p class='ocr_par' dir='ltr' id='par_1_8' title="bbox 346 1075 1628 1146">
     <span class='ocr_line' id='line_1_15' title="bbox 346 1075 1628 1146; baseline 0 -21"><span class='ocrx_word' id='word_1_103' title='bbox 346 1075 585 1125; x_wconf 87' lang='lat' dir='ltr'><strong>Gentium</strong></span> <span class='ocrx_word' id='word_1_104' title='bbox 608 1076 956 1143; x_wconf 38' lang='lat' dir='ltr'><strong>regem‘ipsum</strong></span> <span class='ocrx_word' id='word_1_105' title='bbox 982 1095 1089 1124; x_wconf 88' lang='lat' dir='ltr'><strong>cum</strong></span> <span class='ocrx_word' id='word_1_106' title='bbox 1120 1095 1318 1143; x_wconf 82' lang='lat' dir='ltr'><strong>parente</strong></span> <span class='ocrx_word' id='word_1_107' title='bbox 1342 1116 1355 1137; x_wconf 90' lang='lat'><strong>‚</strong></span> <span class='ocrx_word' id='word_1_108' title='bbox 1387 1077 1628 1146; x_wconf 81' lang='lat' dir='ltr'><strong>conjuge,</strong></span> 
     </span>
    </p>

    <p class='ocr_par' dir='ltr' id='par_1_9' title="bbox 346 1144 1634 1213">
     <span class='ocr_line' id='line_1_16' title="bbox 346 1144 1634 1213; baseline 0.004 -21"><span class='ocrx_word' id='word_1_109' title='bbox 346 1144 543 1203; x_wconf 79' lang='lat' dir='ltr'><strong>liberis,</strong></span> <span class='ocrx_word' id='word_1_110' title='bbox 574 1164 628 1193; x_wconf 85' lang='lat' dir='ltr'><strong>ac</strong></span> <span class='ocrx_word' id='word_1_111' title='bbox 668 1145 812 1193; x_wconf 85' lang='lat' dir='ltr'><strong>fratre</strong></span> <span class='ocrx_word' id='word_1_112' title='bbox 834 1184 847 1205; x_wconf 77' lang='lat'>‚</span> <span class='ocrx_word' id='word_1_113' title='bbox 886 1144 1077 1211; x_wconf 74' lang='lat' dir='ltr'><strong>aliisque</strong></span> <span class='ocrx_word' id='word_1_114' title='bbox 1111 1148 1403 1213; x_wconf 75' lang='lat' dir='ltr'><strong>principibus</strong></span> <span class='ocrx_word' id='word_1_115' title='bbox 1433 1146 1634 1213; x_wconf 79' lang='lat' dir='ltr'><strong>Illyrio-</strong></span> 
     </span>
    </p>

    <p class='ocr_par' dir='ltr' id='par_1_10' title="bbox 347 1212 1627 1281">
     <span class='ocr_line' id='line_1_17' title="bbox 347 1212 1627 1281; baseline 0.002 -19"><span class='ocrx_word' id='word_1_116' title='bbox 347 1230 472 1263; x_wconf 86' lang='lat' dir='ltr'><strong>rum.</strong></span> <span class='ocrx_word' id='word_1_117' title='bbox 519 1213 633 1262; x_wconf 84' lang='lat' dir='ltr'><strong>Hoc</strong></span> <span class='ocrx_word' id='word_1_118' title='bbox 674 1231 822 1262; x_wconf 87' lang='lat' dir='ltr'><strong>unum</strong></span> <span class='ocrx_word' id='word_1_119' title='bbox 858 1212 1040 1261; x_wconf 76' lang='lat' dir='ltr'><strong>bellum</strong></span> <span class='ocrx_word' id='word_1_120' title='bbox 1081 1216 1206 1278; x_wconf 73' lang='lat' dir='ltr'><strong>prius</strong></span> <span class='ocrx_word' id='word_1_121' title='bbox 1252 1230 1581 1281; x_wconf 79' lang='lat' dir='ltr'><strong>perpetratum</strong></span> <span class='ocrx_word' id='word_1_122' title='bbox 1612 1255 1627 1279; x_wconf 93' lang='lat'><strong>,</strong></span> 
     </span>
    </p>

    <p class='ocr_par' dir='ltr' id='par_1_11' title="bbox 348 1279 1631 1348">
     <span class='ocr_line' id='line_1_18' title="bbox 348 1279 1631 1348; baseline 0.002 -19"><span class='ocrx_word' id='word_1_123' title='bbox 348 1281 496 1347; x_wconf 70' lang='lat' dir='ltr'><strong>quam</strong></span> <span class='ocrx_word' id='word_1_124' title='bbox 534 1296 784 1348; x_wconf 84' lang='lat' dir='ltr'><strong>coeptum,</strong></span> <span class='ocrx_word' id='word_1_125' title='bbox 827 1279 1000 1330; x_wconf 70' lang='lat' dir='ltr'><strong>Romae</strong></span> <span class='ocrx_word' id='word_1_126' title='bbox 1042 1283 1255 1329; x_wconf 64' lang='lat' dir='ltr'><strong>anditum</strong></span> <span class='ocrx_word' id='word_1_127' title='bbox 1299 1283 1380 1332; x_wconf 81' lang='lat' dir='ltr'><strong>est.</strong></span> <span class='ocrx_word' id='word_1_128' title='bbox 1441 1283 1631 1348; x_wconf 69' lang='lat' dir='ltr'><strong>Quibus</strong></span> 
     </span>
    </p>

    <p class='ocr_par' dir='ltr' id='par_1_12' title="bbox 132 1348 1642 1894">
     <span class='ocr_line' id='line_1_19' title="bbox 350 1348 1642 1418; baseline 0.004 -20"><span class='ocrx_word' id='word_1_129' title='bbox 350 1350 522 1399; x_wconf 82' lang='lat' dir='ltr'><strong>diebus</strong></span> <span class='ocrx_word' id='word_1_130' title='bbox 569 1351 671 1398; x_wconf 78' lang='lat' dir='ltr'><strong>haec</strong></span> <span class='ocrx_word' id='word_1_131' title='bbox 720 1348 983 1416; x_wconf 79' lang='lat' dir='ltr'><strong>agebantur</strong></span> <span class='ocrx_word' id='word_1_132' title='bbox 1019 1387 1032 1409; x_wconf 84' lang='grc'>,</span> <span class='ocrx_word' id='word_1_133' title='bbox 1090 1349 1282 1400; x_wconf 74' lang='lat' dir='ltr'><strong>Perseus</strong></span> <span class='ocrx_word' id='word_1_134' title='bbox 1339 1370 1532 1418; x_wconf 77' lang='lat' dir='ltr'><strong>quoque</strong></span> <span class='ocrx_word' id='word_1_135' title='bbox 1585 1355 1642 1403; x_wconf 58' lang='lat' dir='ltr'><strong>in&gt;</strong></span> 
     </span>
     <span class='ocr_line' id='line_1_20' title="bbox 349 1420 1631 1485; baseline 0.004 -19"><span class='ocrx_word' id='word_1_136' title='bbox 349 1435 531 1485; x_wconf 80' lang='lat' dir='ltr'><strong>magno</strong></span> <span class='ocrx_word' id='word_1_137' title='bbox 565 1432 750 1467; x_wconf 86' lang='lat' dir='ltr'><strong>terrore</strong></span> <span class='ocrx_word' id='word_1_138' title='bbox 788 1433 925 1476; x_wconf 78' lang='lat' dir='ltr'><strong>erat,</strong></span> <span class='ocrx_word' id='word_1_139' title='bbox 956 1433 1156 1484; x_wconf 83' lang='lat' dir='ltr'><strong>propter</strong></span> <span class='ocrx_word' id='word_1_140' title='bbox 1191 1420 1454 1468; x_wconf 77' lang='lat' dir='ltr'><strong>adventum</strong></span> <span class='ocrx_word' id='word_1_141' title='bbox 1496 1420 1631 1472; x_wconf 82' lang='lat' dir='ltr'><strong>fimul</strong></span> 
     </span>
     <span class='ocr_line' id='line_1_21' title="bbox 348 1486 1628 1555; baseline 0.003 -20"><span class='ocrx_word' id='word_1_142' title='bbox 348 1487 534 1536; x_wconf 74' lang='lat' dir='ltr'><strong>AEmilii</strong></span> <span class='ocrx_word' id='word_1_143' title='bbox 578 1489 696 1535; x_wconf 84' lang='lat' dir='ltr'><strong>novi</strong></span> <span class='ocrx_word' id='word_1_144' title='bbox 735 1486 940 1535; x_wconf 80' lang='lat' dir='ltr'><strong>consulis</strong></span> <span class='ocrx_word' id='word_1_145' title='bbox 973 1524 987 1545; x_wconf 78' lang='lat'>,</span> <span class='ocrx_word' id='word_1_146' title='bbox 1032 1503 1177 1552; x_wconf 79' lang='lat' dir='ltr'><strong>quem</strong></span> <span class='ocrx_word' id='word_1_147' title='bbox 1214 1506 1321 1535; x_wconf 85' lang='lat' dir='ltr'><strong>cum</strong></span> <span class='ocrx_word' id='word_1_148' title='bbox 1357 1489 1628 1555; x_wconf 75' lang='lat' dir='ltr'><strong>ingentibus</strong></span> 
     </span>
     <span class='ocr_line' id='line_1_22' title="bbox 166 1554 1630 1633; baseline 0.003 -31"><span class='ocrx_word' id='word_1_149' title='bbox 166 1576 331 1633; x_wconf 80' lang='lat' dir='ltr'><strong>Perseus</strong></span> <span class='ocrx_word' id='word_1_150' title='bbox 352 1556 493 1611; x_wconf 87' lang='lat' dir='ltr'><strong>minis</strong></span> <span class='ocrx_word' id='word_1_151' title='bbox 523 1555 786 1604; x_wconf 83' lang='lat' dir='ltr'><strong>adventare</strong></span> <span class='ocrx_word' id='word_1_152' title='bbox 815 1554 1042 1603; x_wconf 81' lang='lat' dir='ltr'><strong>audiebat</strong></span> <span class='ocrx_word' id='word_1_153' title='bbox 1065 1592 1077 1612; x_wconf 91' lang='lat'>‚</span> <span class='ocrx_word' id='word_1_154' title='bbox 1110 1555 1244 1603; x_wconf 58' lang='lat' dir='ltr'><strong>smzul</strong></span> <span class='ocrx_word' id='word_1_155' title='bbox 1272 1555 1467 1605; x_wconf 62' lang='lat' dir='ltr'>Ofmvii</span> <span class='ocrx_word' id='word_1_156' title='bbox 1504 1575 1630 1623; x_wconf 85' lang='lat' dir='ltr'><strong>prae-</strong></span> 
     </span>
     <span class='ocr_line' id='line_1_23' title="bbox 134 1621 1629 1697; baseline 0.003 -26"><span class='ocrx_word' id='word_1_157' title='bbox 134 1639 174 1679; x_wconf 82' lang='lat' dir='ltr'><strong>in</strong></span> <span class='ocrx_word' id='word_1_158' title='bbox 192 1656 329 1697; x_wconf 78' lang='lat' dir='ltr'><strong>magno</strong></span> <span class='ocrx_word' id='word_1_159' title='bbox 350 1625 485 1673; x_wconf 87' lang='lat' dir='ltr'><strong>toris.</strong></span> <span class='ocrx_word' id='word_1_160' title='bbox 521 1623 552 1673; x_wconf 91' lang='lat'><strong>6</strong></span> <span class='ocrx_word' id='word_1_161' title='bbox 597 1621 704 1672; x_wconf 90' lang='lat' dir='ltr'><strong>Nec</strong></span> <span class='ocrx_word' id='word_1_162' title='bbox 750 1625 906 1672; x_wconf 79' lang='lat' dir='ltr'><strong>minus</strong></span> <span class='ocrx_word' id='word_1_163' title='bbox 942 1625 1136 1672; x_wconf 83' lang='lat' dir='ltr'><strong>terroris</strong></span> <span class='ocrx_word' id='word_1_164' title='bbox 1170 1643 1195 1671; x_wconf 86' lang='lat' dir='ltr'><strong>a</strong></span> <span class='ocrx_word' id='word_1_165' title='bbox 1232 1624 1371 1675; x_wconf 78' lang='lat' dir='ltr'><strong>classe</strong></span> <span class='ocrx_word' id='word_1_166' title='bbox 1406 1625 1629 1676; x_wconf 87' lang='lat' dir='ltr'><strong>Romana</strong></span> 
     </span>
     <span class='ocr_line' id='line_1_24' title="bbox 133 1691 1628 1758; baseline 0.003 -18"><span class='ocrx_word' id='word_1_167' title='bbox 133 1715 283 1744; x_wconf 69' lang='lat' dir='ltr'><strong>terrore</strong></span> <span class='ocrx_word' id='word_1_168' title='bbox 353 1692 407 1741; x_wconf 85' lang='lat'>&amp;</span> <span class='ocrx_word' id='word_1_169' title='bbox 446 1691 661 1758; x_wconf 81' lang='lat' dir='ltr'><strong>periculo</strong></span> <span class='ocrx_word' id='word_1_170' title='bbox 691 1693 943 1740; x_wconf 79' lang='lat' dir='ltr'><strong>maritimae</strong></span> <span class='ocrx_word' id='word_1_171' title='bbox 976 1709 1072 1740; x_wconf 78' lang='lat' dir='ltr'><strong>orae</strong></span> <span class='ocrx_word' id='word_1_172' title='bbox 1105 1692 1330 1742; x_wconf 73' lang='lat' dir='ltr'><strong>habebat.</strong></span> <span class='ocrx_word' id='word_1_173' title='bbox 1377 1691 1628 1744; x_wconf 76' lang='lat' dir='ltr'><strong>Thessalo·</strong></span> 
     </span>
     <span class='ocr_line' id='line_1_25' title="bbox 132 1759 1633 1827; baseline 0.005 -22"><span class='ocrx_word' id='word_1_174' title='bbox 132 1764 201 1814; x_wconf 77' lang='lat' dir='ltr'><strong>est.</strong></span> <span class='ocrx_word' id='word_1_175' title='bbox 348 1761 466 1809; x_wconf 85' lang='lat' dir='ltr'><strong>nicae</strong></span> <span class='ocrx_word' id='word_1_176' title='bbox 489 1759 732 1809; x_wconf 84' lang='lat' dir='ltr'><strong>Eumenes</strong></span> <span class='ocrx_word' id='word_1_177' title='bbox 769 1760 820 1809; x_wconf 83' lang='lat'>&amp;</span> <span class='ocrx_word' id='word_1_178' title='bbox 853 1760 1191 1826; x_wconf 71' lang='lat' dir='ltr'><strong>Athenagoras</strong></span> <span class='ocrx_word' id='word_1_179' title='bbox 1222 1778 1486 1827; x_wconf 70' lang='lat' dir='ltr'><strong>praeerant,</strong></span> <span class='ocrx_word' id='word_1_180' title='bbox 1521 1764 1633 1812; x_wconf 44' lang='lat' dir='ltr'><strong>cum&#39;</strong></span> 
     </span>
     <span class='ocr_line' id='line_1_26' title="bbox 349 1828 1634 1894; baseline 0.003 -17"><span class='ocrx_word' id='word_1_181' title='bbox 349 1846 505 1892; x_wconf 89' lang='lat' dir='ltr'><strong>parvo</strong></span> <span class='ocrx_word' id='word_1_182' title='bbox 547 1828 766 1894; x_wconf 83' lang='lat' dir='ltr'><strong>praefidio</strong></span> <span class='ocrx_word' id='word_1_183' title='bbox 810 1828 1015 1876; x_wconf 84' lang='lat' dir='ltr'><strong>duorum</strong></span> <span class='ocrx_word' id='word_1_184' title='bbox 1060 1830 1261 1878; x_wconf 75' lang='lat' dir='ltr'><strong>millium</strong></span> <span class='ocrx_word' id='word_1_185' title='bbox 1313 1847 1634 1881; x_wconf 83' lang='lat' dir='ltr'><strong>cetratorum.·</strong></span> 
     </span>
    </p>

    <p class='ocr_par' dir='ltr' id='par_1_13' title="bbox 346 1895 1627 1962">
     <span class='ocr_line' id='line_1_27' title="bbox 346 1895 1627 1962; baseline 0.003 -17"><span class='ocrx_word' id='word_1_186' title='bbox 346 1895 420 1945; x_wconf 85' lang='grc' dir='ltr'><strong>Εὸ</strong></span> <span class='ocrx_word' id='word_1_187' title='bbox 441 1897 492 1946; x_wconf 64' lang='grc' dir='ltr'>ἃ</span> <span class='ocrx_word' id='word_1_188' title='bbox 518 1897 816 1945; x_wconf 83' lang='lat' dir='ltr'><strong>Androclem</strong></span> <span class='ocrx_word' id='word_1_189' title='bbox 841 1895 1118 1961; x_wconf 67' lang='lat' dir='ltr'><strong>praefe&amp;un1</strong></span> <span class='ocrx_word' id='word_1_190' title='bbox 1151 1899 1328 1958; x_wconf 81' lang='lat' dir='ltr'><strong>mittit,</strong></span> <span class='ocrx_word' id='word_1_191' title='bbox 1356 1896 1524 1962; x_wconf 79' lang='lat' dir='ltr'><strong>juffum</strong></span> <span class='ocrx_word' id='word_1_192' title='bbox 1546 1899 1627 1949; x_wconf 88' lang='lat' dir='ltr'><strong>sub</strong></span> 
     </span>
    </p>

    <p class='ocr_par' dir='ltr' id='par_1_14' title="bbox 342 1963 1627 2031">
     <span class='ocr_line' id='line_1_28' title="bbox 342 1963 1627 2031; baseline 0.003 -18"><span class='ocrx_word' id='word_1_193' title='bbox 342 1965 453 2031; x_wconf 82' lang='lat' dir='ltr'>ipsis</span> <span class='ocrx_word' id='word_1_194' title='bbox 492 1965 744 2014; x_wconf 80' lang='lat' dir='ltr'><strong>navalibus</strong></span> <span class='ocrx_word' id='word_1_195' title='bbox 797 1963 940 2013; x_wconf 81' lang='lat' dir='ltr'><strong>castra</strong></span> <span class='ocrx_word' id='word_1_196' title='bbox 1005 1965 1197 2014; x_wconf 83' lang='lat' dir='ltr'><strong>habere.</strong></span> <span class='ocrx_word' id='word_1_197' title='bbox 1257 1966 1448 2015; x_wconf 81' lang='lat' dir='ltr'><strong>AEniam</strong></span> <span class='ocrx_word' id='word_1_198' title='bbox 1495 1968 1627 2018; x_wconf 83' lang='lat' dir='ltr'><strong>mille</strong></span> 
     </span>
    </p>

    <p class='ocr_par' dir='ltr' id='par_1_15' title="bbox 344 2032 1626 2101">
     <span class='ocr_line' id='line_1_29' title="bbox 344 2032 1626 2101; baseline 0.002 -18"><span class='ocrx_word' id='word_1_199' title='bbox 344 2036 528 2101; x_wconf 79' lang='lat' dir='ltr'><strong>equites</strong></span> <span class='ocrx_word' id='word_1_200' title='bbox 551 2051 661 2083; x_wconf 89' lang='lat' dir='ltr'><strong>cum</strong></span> <span class='ocrx_word' id='word_1_201' title='bbox 689 2034 946 2101; x_wconf 79' lang='lat' dir='ltr'><strong>Antigono</strong></span> <span class='ocrx_word' id='word_1_202' title='bbox 979 2032 1102 2082; x_wconf 81' lang='lat' dir='ltr'><strong>mifit</strong></span> <span class='ocrx_word' id='word_1_203' title='bbox 1123 2035 1184 2082; x_wconf 86' lang='lat' dir='ltr'><strong>ad</strong></span> <span class='ocrx_word' id='word_1_204' title='bbox 1209 2036 1454 2084; x_wconf 81' lang='lat' dir='ltr'><strong>tutandam</strong></span> <span class='ocrx_word' id='word_1_205' title='bbox 1483 2037 1626 2085; x_wconf 84' lang='lat' dir='ltr'><strong>mari-</strong></span> 
     </span>
    </p>
   </div>
   <div class='ocr_carea' id='block_1_2' title="bbox 1015 2158 1626 2277">
    <p class='ocr_par' dir='ltr' id='par_1_16' title="bbox 1015 2158 1626 2277">
     <span class='ocr_line' id='line_1_30' title="bbox 1016 2158 1622 2214; baseline 0.008 -17"><span class='ocrx_word' id='word_1_206' title='bbox 1016 2158 1111 2197; x_wconf 88' lang='lat' dir='ltr'><strong>Non</strong></span> <span class='ocrx_word' id='word_1_207' title='bbox 1152 2158 1244 2199; x_wconf 82' lang='lat' dir='ltr'><strong>haec</strong></span> <span class='ocrx_word' id='word_1_208' title='bbox 1291 2158 1344 2199; x_wconf 85' lang='lat' dir='ltr'><strong>ita</strong></span> <span class='ocrx_word' id='word_1_209' title='bbox 1391 2160 1622 2214; x_wconf 74' lang='lat' dir='ltr'><strong>accipienda</strong></span> 
     </span>
     <span class='ocr_line' id='line_1_31' title="bbox 1015 2219 1626 2277; baseline 0.008 -19"><span class='ocrx_word' id='word_1_210' title='bbox 1015 2219 1130 2267; x_wconf 86' lang='lat' dir='ltr'><strong>sunt,</strong></span> <span class='ocrx_word' id='word_1_211' title='bbox 1162 2219 1265 2274; x_wconf 72' lang='lat' dir='ltr'><strong>quas]</strong></span> <span class='ocrx_word' id='word_1_212' title='bbox 1293 2222 1436 2263; x_wconf 82' lang='lat' dir='ltr'><strong>tertius</strong></span> <span class='ocrx_word' id='word_1_213' title='bbox 1465 2223 1626 2277; x_wconf 21' lang='lat' dir='ltr'><strong>quidam-</strong></span> 
     </span>
    </p>
   </div>
   <div class='ocr_carea' id='block_1_3' title="bbox 335 2158 953 2275">
    <p class='ocr_par' dir='ltr' id='par_1_17' title="bbox 335 2158 953 2275">
     <span class='ocr_line' id='line_1_32' title="bbox 408 2158 953 2214; baseline -0.004 -15"><span class='ocrx_word' id='word_1_214' title='bbox 408 2170 424 2211; x_wconf 79' lang='grc' dir='ltr'><strong>ς</strong></span> <span class='ocrx_word' id='word_1_215' title='bbox 461 2158 544 2199; x_wconf 88' lang='lat' dir='ltr'><strong>Vix</strong></span> <span class='ocrx_word' id='word_1_216' title='bbox 567 2158 810 2214; x_wconf 71' lang='lat' dir='ltr'><strong>gladiatorio</strong></span> <span class='ocrx_word' id='word_1_217' title='bbox 839 2171 953 2197; x_wconf 72' lang='lat' dir='ltr'><strong>acce-</strong></span> 
     </span>
     <span class='ocr_line' id='line_1_33' title="bbox 335 2220 950 2275; baseline -0.002 -15"><span class='ocrx_word' id='word_1_218' title='bbox 335 2220 446 2275; x_wconf 84' lang='lat' dir='ltr'><strong>pto]</strong></span> <span class='ocrx_word' id='word_1_219' title='bbox 486 2220 679 2274; x_wconf 85' lang='lat' dir='ltr'><strong>Acceptis</strong></span> <span class='ocrx_word' id='word_1_220' title='bbox 719 2220 862 2260; x_wconf 87' lang='lat' dir='ltr'><strong>decem</strong></span> <span class='ocrx_word' id='word_1_221' title='bbox 892 2229 950 2259; x_wconf 85' lang='lat' dir='ltr'><strong>ta·</strong></span> 
     </span>
    </p>
   </div>
   <div class='ocr_carea' id='block_1_4' title="bbox 334 2281 949 2695">
    <p class='ocr_par' dir='ltr' id='par_1_18' title="bbox 334 2281 949 2695">
     <span class='ocr_line' id='line_1_34' title="bbox 339 2281 949 2336; baseline -0.003 -14"><span class='ocrx_word' id='word_1_222' title='bbox 339 2283 461 2323; x_wconf 85' lang='lat' dir='ltr'><strong>lentis</strong></span> <span class='ocrx_word' id='word_1_223' title='bbox 479 2311 492 2328; x_wconf 90' lang='lat'>,</span> <span class='ocrx_word' id='word_1_224' title='bbox 526 2296 613 2336; x_wconf 80' lang='lat' dir='ltr'><strong>quae</strong></span> <span class='ocrx_word' id='word_1_225' title='bbox 644 2281 829 2336; x_wconf 84' lang='lat' dir='ltr'><strong>pecuniae</strong></span> <span class='ocrx_word' id='word_1_226' title='bbox 850 2281 949 2321; x_wconf 89' lang='lat' dir='ltr'><strong>sum-</strong></span> 
     </span>
     <span class='ocr_line' id='line_1_35' title="bbox 338 2342 949 2397; baseline 0 -13"><span class='ocrx_word' id='word_1_227' title='bbox 338 2358 401 2384; x_wconf 84' lang='lat' dir='ltr'><strong>ma</strong></span> <span class='ocrx_word' id='word_1_228' title='bbox 433 2344 504 2384; x_wconf 85' lang='lat' dir='ltr'><strong>vix</strong></span> <span class='ocrx_word' id='word_1_229' title='bbox 533 2354 644 2384; x_wconf 81' lang='lat' dir='ltr'><strong>tanta</strong></span> <span class='ocrx_word' id='word_1_230' title='bbox 672 2342 728 2383; x_wconf 87' lang='lat' dir='ltr'><strong>est</strong></span> <span class='ocrx_word' id='word_1_231' title='bbox 752 2375 763 2393; x_wconf 82' lang='grc'>,</span> <span class='ocrx_word' id='word_1_232' title='bbox 803 2354 949 2397; x_wconf 83' lang='lat' dir='ltr'><strong>quanta</strong></span> 
     </span>
     <span class='ocr_line' id='line_1_36' title="bbox 338 2404 946 2460; baseline -0.005 -14"><span class='ocrx_word' id='word_1_233' title='bbox 338 2406 423 2447; x_wconf 85' lang='lat' dir='ltr'><strong>dari</strong></span> <span class='ocrx_word' id='word_1_234' title='bbox 460 2406 562 2446; x_wconf 78' lang='lat' dir='ltr'><strong>solet</strong></span> <span class='ocrx_word' id='word_1_235' title='bbox 595 2406 640 2446; x_wconf 85' lang='lat' dir='ltr'><strong>iis</strong></span> <span class='ocrx_word' id='word_1_236' title='bbox 680 2404 747 2460; x_wconf 89' lang='lat' dir='ltr'><strong>qui</strong></span> <span class='ocrx_word' id='word_1_237' title='bbox 783 2419 946 2458; x_wconf 86' lang='lat' dir='ltr'><strong>operam</strong></span> 
     </span>
     <span class='ocr_line' id='line_1_37' title="bbox 336 2466 945 2509; baseline -0.007 0"><span class='ocrx_word' id='word_1_238' title='bbox 336 2468 443 2509; x_wconf 84' lang='lat' dir='ltr'><strong>suam</strong></span> <span class='ocrx_word' id='word_1_239' title='bbox 460 2483 590 2509; x_wconf 86' lang='lat' dir='ltr'><strong>arenae</strong></span> <span class='ocrx_word' id='word_1_240' title='bbox 611 2469 765 2508; x_wconf 85' lang='lat' dir='ltr'><strong>locant.</strong></span> <span class='ocrx_word' id='word_1_241' title='bbox 786 2466 945 2507; x_wconf 87' lang='lat' dir='ltr'><strong>Decem</strong></span> 
     </span>
     <span class='ocr_line' id='line_1_38' title="bbox 335 2529 946 2583; baseline -0.002 -14"><span class='ocrx_word' id='word_1_242' title='bbox 335 2531 487 2570; x_wconf 84' lang='lat' dir='ltr'><strong>talenta</strong></span> <span class='ocrx_word' id='word_1_243' title='bbox 515 2530 602 2570; x_wconf 76' lang='lat' dir='ltr'><strong>sunt</strong></span> <span class='ocrx_word' id='word_1_244' title='bbox 624 2543 767 2570; x_wconf 86' lang='lat' dir='ltr'><strong>marcae</strong></span> <span class='ocrx_word' id='word_1_245' title='bbox 787 2529 946 2583; x_wconf 82' lang='lat' dir='ltr'><strong>argenti</strong></span> 
     </span>
     <span class='ocr_line' id='line_1_39' title="bbox 334 2589 911 2644; baseline -0.005 -12"><span class='ocrx_word' id='word_1_246' title='bbox 334 2591 531 2632; x_wconf 76' lang='lat' dir='ltr'><strong>nostrates</strong></span> <span class='ocrx_word' id='word_1_247' title='bbox 560 2601 644 2644; x_wconf 77' lang='lat'><strong>937</strong></span> <span class='ocrx_word' id='word_1_248' title='bbox 666 2622 678 2642; x_wconf 90' lang='lat'>,</span> <span class='ocrx_word' id='word_1_249' title='bbox 705 2589 833 2632; x_wconf 78' lang='lat' dir='ltr'><strong>unciae</strong></span> <span class='ocrx_word' id='word_1_250' title='bbox 867 2604 911 2640; x_wconf 85' lang='lat'><strong>4.</strong></span> 
     </span>
     <span class='ocr_line' id='line_1_40' title="bbox 397 2651 944 2695; baseline -0.005 0"><span class='ocrx_word' id='word_1_251' title='bbox 397 2655 423 2695; x_wconf 85' lang='lat'>6</span> <span class='ocrx_word' id='word_1_252' title='bbox 467 2654 556 2695; x_wconf 83' lang='lat' dir='ltr'><strong>Nec</strong></span> <span class='ocrx_word' id='word_1_253' title='bbox 598 2653 722 2694; x_wconf 73' lang='lat' dir='ltr'><strong>minus</strong></span> <span class='ocrx_word' id='word_1_254' title='bbox 780 2651 944 2694; x_wconf 79' lang='lat' dir='ltr'><strong>terroris</strong></span> 
     </span>
    </p>
   </div>
   <div class='ocr_carea' id='block_1_5' title="bbox 1007 2281 1650 2634">
    <p class='ocr_par' dir='ltr' id='par_1_19' title="bbox 1007 2281 1650 2634">
     <span class='ocr_line' id='line_1_41' title="bbox 1014 2281 1622 2335; baseline 0.007 -14"><span class='ocrx_word' id='word_1_255' title='bbox 1014 2281 1150 2321; x_wconf 82' lang='lat' dir='ltr'><strong>terro&#39;r</strong></span> <span class='ocrx_word' id='word_1_256' title='bbox 1195 2309 1209 2327; x_wconf 87' lang='lat'><em>‚</em></span> <span class='ocrx_word' id='word_1_257' title='bbox 1272 2295 1418 2335; x_wconf 77' lang='lat' dir='ltr'><strong>praeter</strong></span> <span class='ocrx_word' id='word_1_258' title='bbox 1467 2283 1622 2325; x_wconf 84' lang='lat' dir='ltr'><strong>AEmilii</strong></span> 
     </span>
     <span class='ocr_line' id='line_1_42' title="bbox 1015 2343 1620 2397; baseline 0.005 -13"><span class='ocrx_word' id='word_1_259' title='bbox 1015 2343 1257 2397; x_wconf 67' lang='lat' dir='ltr'><strong>OCtaviique</strong></span> <span class='ocrx_word' id='word_1_260' title='bbox 1269 2345 1485 2386; x_wconf 81' lang='lat' dir='ltr'><strong>adventum</strong></span> <span class='ocrx_word' id='word_1_261' title='bbox 1498 2375 1512 2392; x_wconf 88' lang='lat'>,</span> <span class='ocrx_word' id='word_1_262' title='bbox 1529 2345 1620 2388; x_wconf 87' lang='lat' dir='ltr'><strong>Per-</strong></span> 
     </span>
     <span class='ocr_line' id='line_1_43' title="bbox 1013 2404 1618 2449; baseline 0.008 -5"><span class='ocrx_word' id='word_1_263' title='bbox 1013 2404 1119 2444; x_wconf 87' lang='lat' dir='ltr'><strong>seum</strong></span> <span class='ocrx_word' id='word_1_264' title='bbox 1154 2405 1370 2447; x_wconf 84' lang='lat' dir='ltr'><strong>sollicitare</strong></span> <span class='ocrx_word' id='word_1_265' title='bbox 1399 2409 1618 2449; x_wconf 79' lang='lat' dir='ltr'><strong>diceretur·</strong></span> 
     </span>
     <span class='ocr_line' id='line_1_44' title="bbox 1012 2465 1650 2521; baseline 0.005 -15"><span class='ocrx_word' id='word_1_266' title='bbox 1012 2465 1234 2521; x_wconf 80' lang='lat' dir='ltr'><strong>Comparat</strong></span> <span class='ocrx_word' id='word_1_267' title='bbox 1284 2468 1419 2511; x_wconf 82' lang='lat' dir='ltr'><strong>Livius</strong></span> <span class='ocrx_word' id='word_1_268' title='bbox 1471 2469 1650 2510; x_wconf 79' lang='lat' dir='ltr'><strong>mariti·.</strong></span> 
     </span>
     <span class='ocr_line' id='line_1_45' title="bbox 1010 2529 1615 2587; baseline 0.012 -20"><span class='ocrx_word' id='word_1_269' title='bbox 1010 2543 1115 2568; x_wconf 84' lang='lat' dir='ltr'><strong>mum</strong></span> <span class='ocrx_word' id='word_1_270' title='bbox 1147 2529 1456 2587; x_wconf 84' lang='lat' dir='ltr'><strong>terrestremque</strong></span> <span class='ocrx_word' id='word_1_271' title='bbox 1488 2542 1615 2573; x_wconf 83' lang='lat' dir='ltr'><strong>terro·</strong></span> 
     </span>
     <span class='ocr_line' id='line_1_46' title="bbox 1007 2590 1301 2634; baseline 0.007 -3"><span class='ocrx_word' id='word_1_272' title='bbox 1007 2605 1073 2634; x_wconf 85' lang='lat' dir='ltr'><strong>res</strong></span> <span class='ocrx_word' id='word_1_273' title='bbox 1105 2590 1210 2633; x_wconf 82' lang='lat' dir='ltr'><strong>inter</strong></span> <span class='ocrx_word' id='word_1_274' title='bbox 1244 2591 1301 2634; x_wconf 86' lang='lat' dir='ltr'><strong>se.</strong></span> 
     </span>
    </p>
   </div>
  </div>
 </body>
</html>
