1670 3068
256 100 335 160 223*
537 99 1238 161 T'1T1L1V11

45 187 95 230 U
102 201 135 230 c.
146 189 235 239 566.
244 200 279 248 p
284 196 537 248 raeterquam
561 203 675 232 more
696 188 938 243 Romano,
962 185 1226 234 abolerent?
1244 185 1533 235 Iudicabant‘·

43 254 81 286 3·
88 247 135 286 (4-
145 246 235 289 180·
222 252 368 298 ·enim
396 252 720 317 prudentiffimi
750 254 841 301 viri
875 255 1022 301 omnis
1062 254 1213 302 divini
1253 254 1526 316 humanique

239 317 393 385 J‘uris,
412 320 535 367 nihil
556 320 677 384 aeque
705 318 991 382 diſjolvendae
1009 321 1239 386 religionis
1256 318 1365 383 effe,
1392 320 1526 385 qua'm

249 387 327 434 ubi
372 405 465 434 non
497 389 650 452 patrio
670 425 688 444 ,
717 387 802 450 sed
837 403 1014 435 externo
1061 391 1148 435 ritu
1187 386 1526 452 sacrificaretur.

248 457 366 514 Ηιεε
403 455 535 502 vobis
559 457 846 519 praedicenda
877 469 1001 502 ratus
1019 452 1121 517 sitm
1137 493 1155 513 ,
1192 475 1246 503 ne
1276 474 1365 520 qua
1378 453 1531 519 fitper-

237 524 367 588 stitio
398 523 588 588 agitaret
633 523 812 569 animos
841 524 1032 597 vestros,
1069 541 1205 586 quum
1245 538 1264 584 5
1293 523 1535 569 demolien-i

250 604 315 636 tes
337 607 422 636 nos
439 589 762 637 Bacchanalia
787 588 894 653 disc
894 592 1021 638 ιιὶειι
1011 589 1148 654 esque
1174 588 1374 654 nefarios
1394 604 1531 637 coetus

250 658 491 713 cerneretis
528 659 700 705 Omnia
732 659 824 705 diis
840 658 1069 732 propitiis
1103 655 1439 721 volentibusque
1478 675 1532 704 ea

242 722 474 790 faciemus
512 743 524 772 .·
563 727 677 789 qui,
708 727 818 790 quia
840 724 976 788 situm
1006 743 1168 773 numen
1196 723 1436 787 sceleribus
1472 724 1532 772 li-

239 790 564 857 bidinibusque
608 795 908 840 contaminari
958 793 1140 859 indigne
1175 791 1382 857 ferebant
1415 830 1433 851 ,
1476 810 1533 840 ex

253 861 446 907 occultis
476 878 528 906 ea
558 861 780 908 tenebris
763 880 812 908 in
832 861 973 907 lucem
1000 875 1328 919 extraxerunt,·
1353 878 1432 908 nec
1447 878 1512 925 pa
1497 885 1536 906 ⁴

255 928 391 992 tefieri
438 942 488 975 ut
519 929 747 993 impunita
788 925 921 990 effent
943 966 960 987 ,
987 926 1072 992 sed
1110 943 1160 976 ut
1200 930 1539 977 vindicarentur

255 996 302 1044 δ’
332 997 708 1062 opprimerentur,
735 997 985 1045 voluerunt.
1020 999 1218 1044 Senatus
1258 998 1536 1063 quaestionem

256 1078 384 1111 extra
416 1065 610 1111 ordinem
635 1066 686 1110 de
711 1084 763 1112 ea
786 1083 827 1112 re
863 1066 974 1112 milii
998 1064 1259 1130 collegaeque
1282 1082 1374 1111 meo
1407 1082 1537 1111 man·-

256 1133 403 1179 davit.
435 1133 573 1190 Nos,
606 1149 700 1197 quae
735 1133 845 1198 ipfis
873 1133 1004 1180 nobis
1038 1134 1213 1198 agenda
1230 1130 1342 1195 sunt
1360 1170 1377 1190 ,
1402 1133 1537 1196 impi-

254 1217 327 1265 gre
373 1198 701 1265 exsequemur·
679 1237 698 1258 ,
735 1200 997 1267 vigiliarum
1044 1202 1353 1248 noelurnarum
1389 1217 1538 1246 curam

251 1285 338 1333 per
366 1268 509 1315 urbem
547 1268 792 1316 minoribus
837 1269 1166 1335 magistratibus
1199 1269 1538 1315 mandavimus.

262 1338 357 1384 Vos
391 1353 564 1400 quoque
599 1353 771 1400 aequum
805 1337 895 1402 est,
931 1354 1026 1401 quae
1050 1337 1189 1402 vestra
1219 1337 1377 1383 munia
1395 1333 1538 1398 fient,

260 1421 348 1469 quo
383 1403 566 1468 quisque
601 1404 699 1451 loco
724 1406 860 1470 politi
851 1422 902 1450 ts
934 1406 1045 1462 erit,
1077 1406 1199 1469 quod
1221 1405 1540 1470 imperabitur,

259 1472 444 1547 impigre
468 1472 701 1537 praestare,
732 1473 777 1520 ἐξ)
804 1474 907 1519 dare
930 1490 1141 1537 operam,
1175 1490 1228 1519 ne
1253 1473 1365 1536 quid
1376 1469 1542 1537 fraude

256 1542 499 1587 noxiorum
526 1540 722 1604 periculi
756 1554 838 1587 aut
871 1539 1091 1587 tumultzis
1123 1541 1305 1586 oriatur.

323 1605 492 1655 XVII.
523 1607 739 1655 Recitari
773 1606 949 1656 deinde
986 1603 1416 1671 senatusconsulta}
1424 1604 1547 1655 uffe-

253 1690 402 1733 runt,
437 1674 467 1724 6
501 1675 743 1741 indicique
785 1677 1036 1740 praemium
1080 1674 1470 1741 proposuerunt,
1511 1673 1545 1723 fi

256 1744 364 1809 quis
397 1759 543 1808 quem
571 1742 631 1791 ad
659 1743 704 1791 se
737 1741 980 1791 deduxisse
1000 1780 1018 1802 ,
1053 1760 1304 1792 nomenve
1340 1741 1545 1791 absentis

257 1809 512 1860 detulisset.
547 1813 646 1876 Qui
681 1814 945 1860 nominatus
972 1808 1273 1878 profugiffet,
1308 1813 1423 1859 diem
1461 1829 1546 1858 cer-

258 1894 351 1927 tam
371 1877 421 1943 se
444 1880 696 1943 finituros,
723 1881 789 1926 ad
820 1898 954 1945 quam
986 1881 1076 1944 nisi
1106 1882 1275 1927 citatus
1308 1876 1548 1955 respondis-

249 1946 350 2012 set,
379 1945 536 2011 absens
566 1950 887 2006 damnaretur;
909 1948 956 2010 fi
989 1950 1092 2013 quis
1127 1966 1306 2004 eorum,
1344 1966 1421 2012 qui
1454 1962 1547 1994 tum
1580 1983 1584 1984 γ

262 2030 390 2063 extra
418 2031 574 2063 terram
605 2015 795 2064 Italiam
827 2013 990 2078 effint,
1025 2018 1369 2063 nominaretur·
1349 2053 1367 2074 ,
1408 2016 1447 2062 ei
1481 2015 1549 2062 la-

261 2085 432 2132 xiorem
470 2085 586 2131 diem
621 2085 835 2142 daturos,
863 2084 910 2147 fi
940 2085 1182 2131 venirexad
1198 2081 1377 2145 causam
1401 2084 1549 2130 dicen-

261 2153 366 2200 dam
394 2151 546 2201 vellet.
575 2149 840 2201 Edixerunt
871 2151 1078 2212 deinde,
1112 2170 1167 2199 ne
1199 2153 1303 2216 quis
1336 2152 1450 2216 quid
1468 2148 1551 2216 fu-

330 2288 350 2328 5
394 2275 722 2317 Demolientes...
767 2274 873 2316 Bac·
935 2272 1179 2331 posuerunt,
1217 2274 1257 2328 fi
1298 2274 1419 2330 quis]
1451 2274 1553 2315 Pro-

264 2338 486 2391 chanalia]
515 2336 594 2377 Hic
623 2339 663 2378 ὃ(
683 2337 784 2377 infra
803 2337 876 2376 ali·
940 2337 1130 2377 miserunt
1163 2337 1368 2391 praemiurn
1401 2337 1549 2382 indici,

264 2400 426 2454 quoties
462 2399 767 2439 Bacchanalium
803 2413 877 2439 120·
940 2399 967 2439 si
998 2400 1113 2451 quis,
1160 2400 1197 2438 id
1240 2398 1294 2438 est
1324 2427 1335 2443 ,
1380 2400 1445 2452 qui
1485 2399 1552 2438 vel

268 2462 374 2502 mine
405 2461 659 2516 designantur
694 2462 782 2500 loca
803 2490 814 2509 ‚
843 2461 881 2500 in
944 2461 1118 2514 aliquem
1153 2459 1374 2501 deduxisset
1390 2461 1438 2500 ad
1459 2473 1554 2500 con·

272 2523 415 2579 quibus
435 2523 543 2563 sacra
560 2523 625 2562 illa
642 2523 792 2563 nefaria
819 2537 883 2564 ce·
946 2523 1050 2563 sules
1071 2551 1082 2569 ,
1106 2524 1172 2563 vel
1200 2536 1350 2565 nomen
1381 2521 1555 2564 absentis

274 2585 548 2625 lebraban‘tur.
949 2582 1166 2628 detuliffet.

338 2647 366 2688 6
379 2645 884 2704 Indiciquepraemiumpro·
