1670 3068
371 97 711 152 INDEX
781 98 1158 156 RERUM.
1308 121 1400 173 523

123 166 165 211 L.
184 165 349 213 Petillius
366 203 376 221 ‚
399 172 542 225 legatus
559 169 606 209 ati
623 169 803 210 Gentium
820 200 830 216 ‚
853 170 1066 219 ihyriorum
1088 185 1214 227 regem
1232 172 1404 222 ‚XLiV.

176 236 242 276 27.
261 237 282 266 a
304 226 450 268 Gentio
475 223 676 276 conjiciiur
712 224 748 263 in
771 234 968 264 carcerem
987 253 998 272 ,
1019 228 1113 267 ibid.
1148 227 1322 270 ¹meritur
1357 229 1405 270 ab

179 280 322 322 Anicsso
338 290 499 335 praetore
517 307 528 323 ‚
553 291 622 319 22..

119 328 162 374 L.
187 331 383 379 l’et·llius‚
422 333 541 375 scriba
565 364 575 381 ‚
611 330 707 382 XL,
739 342 808 386 29.
842 332 880 372 in
911 330 994 385 ejus
1028 343 1121 387 agro
1156 334 1238 377 libri
1271 337 1406 380 Numae

173 385 348 442 Pompihi
379 389 525 429 inventi
547 416 558 432 ,
584 387 680 425 ibid.

119 440 179 495 Q.
197 439 363 485 Petillius
386 443 562 495 Spurinus
585 450 735 482 creatur
755 449 892 493 praetor
911 471 921 489 ‚
940 439 1007 482 XL
1022 472 1033 491 ,
1063 441 1128 482 18.
1149 441 1241 484 duas
1279 444 1405 500 legio-

170 507 238 537 nes
272 498 527 538 tumultuariis
565 496 706 537 civium
728 494 844 537 Rom.
874 496 1037 538 scribere
1065 495 1217 548 jubetur
1238 529 1249 547 ,
1272 500 1335 540 26.
1358 502 1404 541 li-

168 548 262 592 bros
283 552 418 594 Numae
439 550 614 604 Pompilii
632 551 721 604 legit
743 582 751 595 ,
773 550 918 603 eosque
938 563 987 592 ex
1008 551 1043 592 S.
1068 551 1117 593 C.
1141 555 1319 594 comburi
1339 567 1402 595 cu-

168 615 226 647 rat
243 639 253 657 ,
277 619 341 659 29.
360 617 510 650 creatur
528 605 686 649 consul,
707 604 791 645 XLl
813 638 823 653 ,
846 606 908 647 18.
932 607 965 646 ei
992 605 1213 648 sacrificanti
1238 608 1272 647 in
1306 607 1404 660 jeci-

168 672 264 703 nore
284 674 362 703 non
383 664 576 703 inventum
596 669 709 713 caput
726 690 737 708 ‚
760 659 853 699 ibid.
874 659 1024 710 iubetur
1051 661 1157 703 bove
1193 662 1369 716 perlitare
1387 691 1402 710 ‚

168 714 263 758 ibid.
286 717 475 759 occiditur
495 717 530 756 in
551 714 680 769 prelio
699 712 886 755 adversus
905 712 1062 768 Ligures
1082 749 1089 760 ,
1113 716 1176 757 18.

111 767 271 823 Philippi
297 771 415 812 causae
444 771 579 810 irarum
605 769 641 808 in
681 768 880 809 Romanos
901 798 912 817 ,
934 768 1134 820 XXXIX,
1155 783 1221 824 23.
1257 771 1403 826 colligit

169 825 271 866 vires
285 858 296 875 ‚
318 839 383 876 24.
408 825 457 866 de
478 836 528 866 eo
546 821 810 865 Theffalorum
832 821 1074 877 aliorumque
1095 825 1256 878 querelae
1273 857 1284 877 ‚
1301 827 1402 870 ibid.

168 876 281 932 legati
300 879 428 920 Roma
447 879 536 919 miili
551 878 597 920 ad
611 889 676 919 eas
696 876 976 918 controversias
995 878 1259 932 disceptandas
1276 913 1282 926 ,
1300 881 1401 926 ibid,

164 930 356 987 Philippus
379 933 583 988 respondet
617 930 784 985 querelis
815 931 1075 972 Thessalorum
1092 964 1103 981 ,
1133 933 1197 973 26.
1218 933 1298 986 ejus
1325 936 1397 975 mi-

165 999 240 1028 nax
269 989 404 1029 dietum
424 1021 434 1039 ,
461 988 556 1027 ibid.
590 985 793 1039 respondet
825 986 1102 1028 Maronitarum
1140 992 1180 1029 ὅ(
1214 988 1394 1031 Eumenis

165 1040 296 1094 legatis
317 1074 327 1091 ,
361 1044 424 1084 28.
463 1044 607 1083 animus
637 1041 717 1091 eius
752 1039 937 1081 alienatus
968 1041 1016 1082 ab
1048 1041 1231 1084 Romanis
1252 1071 1265 1088 ‚
1298 1044 1395 1085 ibid.

165 1095 379 1139 Maronitas
407 1096 610 1139 crudeliter
635 1095 820 1139 trucidat,
842 1106 907 1146 34.
939 1094 986 1136 ad
1012 1097 1203 1150 purganda
1238 1100 1394 1140 crimina

165 1152 278 1191 mittit
306 1152 570 1195 Demetrium,
602 1150 792 1190 minorem
824 1148 940 1189 filium
961 1180 972 1196 ,
990 1148 1176 1199 Romam,
1203 1152 1299 1196 ibid.
1318 1154 1398 1195 sol-

164 1205 282 1247 licitat
297 1207 454 1248 accolas
472 1205 552 1247 Istri
573 1204 732 1245 fluminis
750 1230 762 1248 ,
786 1212 827 1244 ut
847 1204 883 1243 in
901 1203 1044 1245 ltaliam
1062 1207 1268 1261 irrumpant
1287 1237 1298 1258 ,
1329 1219 1396 1261 35.

165 1258 386 1303 Demetrius
405 1271 552 1314 patrem
571 1257 761 1307 defendit,
782 1269 851 1308 47.

218 1315 463 1357 Macedonas
482 1327 503 1356 e
522 1312 718 1355 maritimis
749 1311 964 1353 civitatibus
988 1312 1023 1354 in
1050 1312 1240 1357 Paeoniam
1266 1317 1400 1359 tradu-

165 1368 248 1415 cit,
267 1370 309 1411 ὅ(
329 1370 445 1412 urbes
463 1369 677 1410 Thracibus
707 1366 858 1421 aliisque
888 1367 1055 1409 barbaris
1086 1370 1195 1411 tradit
1223 1371 1397 1413 habitan-

165 1423 235 1465 das
251 1456 262 1476 ‚
278 1424 346 1466 XL
364 1457 375 1476 ,
398 1437 435 1478 3.
459 1422 538 1475 eius
561 1420 767 1464 crudelitas
787 1451 797 1469 ,
816 1422 910 1463 ibid.
933 1422 968 1461 G·
986 1435 1027 1472 4.
1049 1424 1085 1465 ei
1109 1424 1324 1467 Demetrius
1339 1426 1394 1468 est

162 1478 350 1533 suspectus
372 1510 383 1529 ,
409 1492 445 1531 5.
470 1477 628 1520 Perseus
654 1476 806 1518 accusat
837 1477 1075 1534 Demetrium
1112 1479 1213 1532 apud.
1248 1478 1394 1535 Philip-

162 1542 255 1588 pum
273 1566 285 1584 ‚
310 1534 351 1577 8.
382 1534 461 1585 ejus
496 1532 545 1575 ad
569 1532 668 1574 filios
697 1531 783 1573 suos
813 1532 939 1572 oratio
958 1563 970 1582 ,
1003 1531 1101 1576 ibid.
1122 1534 1203 1586 ejus
1240 1534 1311 1576 iter
1342 1535 1392 1578 ad

163 1588 323 1630 AEmum
345 1599 515 1630 montem
535 1619 547 1636 ,
568 1600 634 1629 21.
657 1587 748 1628 duas
768 1597 851 1627 aras
871 1586 960 1629 Jovi
992 1588 1033 1628 ὃ(
1059 1587 1137 1628 Soli
1158 1589 1359 1631 consecrat
1379 1620 1392 1641 ‚

163 1655 233 1685 22.
252 1643 491 1685 Demetrium
511 1641 671 1684 interfici
699 1639 832 1693 jubet,
854 1653 922 1690 24.
952 1642 1211 1684 innocentiam
1245 1644 1392 1685 Deme-

164 1698 225 1739 trii
245 1699 438 1752 agnoscit,
466 1709 516 1750 54
534 1729 545 1747 ‚
577 1708 641 1746 55.
671 1708 829 1749 regnum
856 1696 1056 1751 Antigono
1088 1697 1302 1753 relinquere
1319 1711 1391 1740 cu-

164 1753 251 1806 pit,
280 1756 343 1804 56.
375 1754 556 1802 moritur,
593 1751 688 1793 ibid.

107 1805 374 1861 Philopoemen
406 1809 551 1861 capitur
580 1816 601 1845 a
631 1804 822 1847 Messeniis
838 1837 849 1856 ‚
875 1805 1051 1847 XXXIX
1068 1836 1079 1856 ‚
1101 1817 1171 1856 49.
1190 1806 1225 1846 in
1242 1806 1389 1848 subter-

162 1873 316 1903 raneam
353 1862 490 1903 cellam
528 1860 734 1903 demittitur
752 1889 763 1908 ‚
796 1872 862 1910 50.
895 1872 1049 1902 veneno
1086 1860 1227 1901 tollitur
1245 1892 1256 1910 ,
1292 1862 1391 1905 ibid.

161 1916 209 1957 ab
233 1916 410 1958 universo
438 1917 610 1957 Achaico
637 1913 807 1956 concilio
829 1913 1004 1968 sepelitur
1021 1943 1032 1960 ,
1058 1914 1156 1957 ibid.
1182 1915 1296 1956 divini
1318 1919 1390 1957 ho⁴²

161 1983 277 2064 nbores
298 1972 334 2013 ei
353 1971 499 2014 decreti
518 2001 530 2021 ,
554 1969 650 2013 ibid.
668 1979 913 2024 comparatur
930 1968 1111 2011 Annibali
1129 1970 1171 2011 ὅ(
1190 1971 1357 2025 Scipioni
1376 2002 1391 2024 ‚

163 2029 179 2064 i
204 2027 261 2069 id.

108 2079 287 2176 Plaffidrw
297 2079 411 2121 frater
439 2079 569 2123 Gentii
586 2111 597 2132 ‚
628 2076 840 2132 Illyriorum
871 2079 972 2133 regis
991 2110 1002 2132 ‚
1023 2078 1071 2120 ab
1089 2089 1139 2120 eo
1162 2078 1354 2121 occiditur
1371 2111 1386 2133 ‚

301 2166 310 2183 ‚
359 2148 401 2175 o.

106 2189 167 2231 Μ.
187 2147 424 2242 1’0mp03nius
439 2218 449 2237 ‚
470 2189 640 2230 tribunus
660 2186 778 2240 plebis
797 2217 808 2237 ,
822 2187 1041 2230 adversatur
1057 2188 1246 2243 rogationi
1268 2188 1387 2230 Thal-

162 2257 219 2284 nae
237 2243 408 2298 praetoris
427 2243 462 2283 in
481 2242 653 2285 Rhodios
668 2274 679 2291 ‚
698 2241 802 2284 XLV
821 2271 834 2289 ,
853 2255 920 2284 21.

105 2297 238 2340 Pontis
263 2300 296 2339 in
315 2297 486 2339 Tiberim
507 2298 589 2352 pilae
608 2310 629 2339 a
659 2297 817 2340 censore
846 2297 1013 2349 locatae,
1038 2297 1107 2339 XL
1124 2330 1134 2350 ,
1160 2310 1222 2348 51.
1246 2297 1386 2340 deinde

159 2353 244 2407 post
263 2354 408 2407 aliquot
428 2365 546 2393 annos
565 2353 730 2394 fornices
743 2384 754 2401 ‚
774 2352 871 2394 ibid.

102 2408 153 2451 C.
178 2406 345 2460 Popilius
364 2406 641 2449 Laenas’consul
662 2439 671 2456 ‚
690 2405 820 2456 XL11‚
840 2418 883 2459 9,
902 2406 982 2456 eius
1007 2406 1275 2448 contentiones
1295 2418 1383 2448 cum

158 2462 286 2504 senatu
304 2473 373 2514 pro
394 2460 505 2502 fratre
527 2492 538 2510 ,
559 2475 607 2502 10
625 2490 636 2506 ,
656 2461 692 2500 G·
709 2474 775 2504 21.
796 2461 883 2502 nihil
903 2460 1152 2503 memorabile
1173 2462 1291 2514 gerit,
1314 2461 1384 2504 260

157 2516 462 2569 maleexcipitur
479 2515 614 2557 Romae
629 2547 639 2564 ‚
661 2517 725 2557 28.
748 2516 892 2569 legatus
912 2517 1065 2557 mittitur
1086 2516 1119 2555 in
1138 2516 1348 2569 AEgyptum
1368 2543 1380 2561 9

157 2570 304 2616 XLIV,
329 2582 391 2623 19.
414 2569 552 2610 Delum
570 2571 674 2612 venit
694 2602 704 2621 ‚
722 2581 790 2622 29.
806 2569 887 2622 eius
923 2571 956 2611 in
976 2569 1151 2611 Rhodios
1171 2570 1349 2623 asperitas
1369 2601 1381 2621 ‚

157 2623 291 2670 XLV,
327 2638 391 2667 ιο.Δ
411 2626 578 2666 occurrit
601 2625 823 2669 Antiocho,
846 2623 1122 2667 Alexandriam
1154 2626 1256 2667 eunti
1277 2655 1291 2677 ,
1318 2636 1385 2668 ης,

160 2678 433 2722 circumscribit
451 2679 684 2723 Antiochum
702 2677 810 2734 virga
822 2709 834 2732 ,
857 2679 953 2724 ibid.
