1670 3068
284 104 647 160 LIBER
729 96 1091 158 XXXIX.
1252 102 1325 179 65

54 183 180 251 gerit
213 200 225 232 ε
262 202 294 244 4
323 185 398 248 qui
446 181 625 231 sextum
671 180 722 229 &
765 179 1110 246 ostogesimum
1151 195 1537 248 annumfy,0568;

55 267 201 318 agens
239 267 259 316 5
301 250 487 299 causam
517 252 715 308 dixerit,
749 247 846 313 ipse
881 266 967 312 pro
1003 247 1045 296 se
1087 251 1537 309 oraverit‚i.C.184.

55 317 386 384 scripseritque
433 336 444 365 t
489 316 801 383 nonagelimo
853 334 979 362 anno
1029 315 1058 364 6
1108 315 1329 363 Servium

57 383 267 434 Galbam
298 387 356 434 ad
395 387 559 450 populi
592 385 841 432 adduxerit
875 381 1120 443 judicium.
1159 383 1331 443 Hunc,

55 451 171 500 ficut
197 457 326 501 omni
347 454 469 512 vita,
490 468 593 500 tum
609 469 639 514 7
656 451 955 517 prensantem
977 455 1224 515 premebat
1247 468 1333 498 no-

53 520 238 568 bilitas:
267 522 576 586 coierantque
611 520 825 583 (praeter
867 519 916 566 L.
961 519 1182 566 Flaccum
1205 555 1218 576 ‚
1250 519 1331 583 qui

57 590 246 655 collega
277 589 322 636 in
356 588 600 636 consulatu
632 587 820 651 fuerat)
855 587 1090 634 candidati
1128 603 1334 645 omnes,

59 656 120 704 ad
159 655 478 719 dejiciendum
515 657 704 702 honore
755 671 862 701 eum
897 689 910 712 ‚
948 671 1043 700 ton
1085 653 1235 701 solum
1280 668 1334 702 ut

51 722 139 788 ipsi
176 726 335 789 potius
369 722 741 786 adipiscerentur
768 759 781 780 ,
818 738 905 769 nec
947 723 1054 786 quia
1102 722 1333 787 indigna-'-

55 791 229 839 bantur
249 807 432 838 novum
466 791 711 838 hominem
741 789 990 837 censorem
1026 790 1190 837 videre
1212 805 1225 847 3
1251 787 1334 836 sed

57 861 201 906 etiam
233 858 363 923 quod
399 859 576 905 tristem
610 857 850 906 censuram
875 894 889 916 ‚
921 856 1334 921 periculosamque

54 926 318 974 multorum
348 924 517 983 famae‚
549 926 598 972 δέ
631 927 690 973 ab
718 924 828 972 laeso
858 944 882 970 a
919 924 1151 989 plerisque
1176 925 1227 972 &
1253 925 1335 973 lae-

58 992 204 1040 dendi
231 994 406 1058 cupido
427 1031 438 1050 ‚
464 992 811 1058 exspe&abant.
846 991 1034 1039 Etenim
1068 1008 1168 1039 tum
1208 1009 1335 1057 quo-

53 1076 150 1125 que
185 1061 538 1109 minitabundus
567 1063 763 1126 petebat
790 1077 803 1120 3
837 1058 1062 1125 refragari
1093 1058 1175 1107 fibi
1199 1097 1213 1118 ,
1252 1061 1334 1124 qui

54 1127 255 1176 liberam
294 1128 345 1176 &
384 1127 561 1177 fortem
593 1128 836 1177 censuram
878 1129 1140 1186 timerent,
1174 1129 1336 1175 crimi-

54 1195 220 1244 nando
254 1213 265 1243 :
296 1196 345 1243 &
378 1195 513 1244 fimul-
538 1196 591 1245 L.
619 1196 819 1244 Valerio
851 1193 1205 1259 suffragabatur.
1239 1196 1331 1243 Illo

56 1281 148 1312 uno
173 1264 344 1330 collegci
373 1266 582 1332 castigare
606 1263 655 1327 se
689 1283 811 1312 nova
836 1265 1063 1330 flagitia,
1098 1263 1142 1310 δ’
1157 1261 1331 1328 priscos

45 1349 194 1379 ‘mores
218 1350 416 1379 revocare
440 1331 580 1397 poffi.
613 1332 699 1379 His
737 1331 920 1379 accensi
953 1330 1172 1378 homines
1192 1369 1205 1387 ‚
1237 1330 1329 1378 ad-

53 1403 192 1447 versa
230 1401 482 1448 nobilitate
505 1438 519 1457 ‚
557 1418 655 1447 non
688 1400 758 1448 M.
783 1399 1004 1447 Porcium
1040 1398 1192 1446 modo
1215 1416 1323 1446 cen·
1343 1409 1407 1449 M.
1432 1407 1539 1449 Por·-

53 1465 209 1514 sorem
244 1466 461 1516 fecerunt
481 1506 494 1527 ,
526 1467 605 1515 sed
633 1471 778 1516 etiam
810 1467 1046 1533 collegam
1076 1468 1119 1515 ei
1143 1466 1197 1515 L.
1223 1466 1324 1516 Va·
1340 1472 1418 1510 cius
1465 1473 1505 1511 G·

51 1533 220 1582 lerium
259 1535 481 1582 Flaccum
523 1534 817 1598 adjecerunt.
1340 1530 1542 1573 snValss‘

123 1599 253 1648 XLI.
286 1601 560 1650 Secundum
595 1605 790 1650 comitia
822 1601 1073 1650 censorum
1109 1602 1326 1652 consules
1343 1609 1418 1659 {¹¹²⁵
1444 1606 1540 1632 ΕΜ*

52 1668 373 1735 praetoresque
408 1672 453 1717 in
489 1672 758 1734 provincias
793 1669 996 1734 profeffl
1033 1669 1136 1717 sunt
1162 1709 1176 1730 ‚
1213 1662 1464 1735 praedm&-

52 1750 126 1785 ter
161 1735 230 1800 Q.
272 1736 530 1796 Naevium,
573 1755 717 1802 quem
769 1752 976 1802 quatuor
1030 1756 1130 1786 non
1173 1740 1331 1787 minus

51 1803 237 1852 menses
257 1841 271 1863 ‚
302 1803 570 1871 priusquam
592 1807 639 1852 in
666 1804 930 1853 Sardiniam
965 1806 1054 1854 iret
1072 1843 1085 1863 ‚
1112 1805 1332 1872 quaestio-

50 1888 136 1920 nes
172 1870 429 1932 veneficii,
467 1890 669 1939 quarum
707 1890 933 1939 magnam
969 1889 1158 1939 partem
1198 1889 1332 1924 extra

112 1971 140 2010 4
167 1959 247 2017 Qui
264 1957 418 2013 sextum
443 1960 480 2000 G·
509 1960 656 2013 ofloge-
781 1960 807 2000 6
842 1960 1020 2001 servium
1074 1957 1242 2000 Galbam
1278 1962 1333 2001 ad

42 2019 178 2075 fimum
213 2035 352 2060 annum
377 2022 524 2076 agens]
561 2023 655 2061 Non
715 2021 858 2075 populi
883 2022 1094 2061 adduxerit
1106 2022 1325 2076 judicium]

49 2082 251 2122 consentit
288 2083 422 2122 Livius
462 2083 655 2122 Ciceroni
720 2084 786 2122 De
804 2084 882 2122 hoc
899 2083 1072 2136 judicio,
1095 2098 1174 2136 quo
1196 2083 1328 2123 Galba

52 2143 160 2183 circa
194 2153 352 2183 aetatem
386 2142 579 2190 Catonis,
613 2144 655 2184 ὅ(
718 2145 921 2184 absolutus
952 2144 1034 2190 est,
1067 2145 1143 2184 vid.
1175 2145 1213 2184 in
1247 2145 1331 2198 pri·

51 2213 143 2244 toto
171 2203 443 2257 quinquennio
473 2219 562 2246 eum
593 2205 654 2245 se·
718 2206 790 2245 mis
811 2204 901 2245 Cic.
923 2206 940 2246 l
962 2234 973 2254 ,
993 2206 1042 2245 de
1073 2205 1149 2248 Or.
1179 2221 1217 2246 n.
1240 2219 1327 2258 227

50 2265 207 2306 niorem
228 2265 338 2305 facit.
721 2266 763 2307 ὅ(
795 2268 898 2306 228.

117 2337 134 2378 5
175 2323 335 2380 Causam
366 2325 536 2372 dixerit,
575 2324 656 2381 ipse
783 2342 809 2378 7
833 2325 1115 2381 Prensantem]
1146 2327 1239 2367 Hoc
1260 2327 1329 2368 Li-

45 2402 121 2444 pro
137 2384 182 2441 se
209 2387 404 2435 oraverit,
427 2385 655 2442 scripserit·
716 2388 798 2444 pfio
817 2390 1014 2438 debetur,
1037 2404 1155 2444 quum
1179 2390 1215 2428 in
1237 2389 1328 2431 scri·

49 2463 121 2503 que
141 2448 159 2501 ]
180 2447 288 2489 Reus
305 2448 427 2489 fac’tus
448 2478 460 2493 ‚
481 2450 561 2501 ipse
582 2464 656 2501 pro
719 2452 797 2505 ptis
844 2452 1073 2505 quibusdam
1120 2452 1328 2504 legeretur

40 2510 90 2551 se
134 2510 311 2555 dixerit,
352 2510 616 2564 scriptamque
642 2540 655 2559 ,
715 2509 941 2567 praesentem
959 2541 970 2562 ,
997 2514 1037 2554 in
1063 2512 1236 2567 vulgatis
1251 2525 1329 2568 pe—

49 2585 168 2624 quam
191 2581 274 2611 tum
301 2571 438 2611 habuit
470 2573 572 2623 apud
593 2572 656 2624 iu-
719 2586 881 2618 tentem.

48 2632 160 2677 dices
174 2633 414 2683 orationem,
431 2633 660 2690 reliquerit.
