1670 3068
311 102 420 158 LI
472 115 506 157 B
554 117 665 158 ER
767 102 1042 158 XMV.
1200 97 1315 176 39'7

43 190 216 243 quanta
262 184 481 230 omnium
530 195 795 248 praeparata
843 182 956 228 cur&
1005 181 1128 246 regis
1173 185 1312 246 copia
1334 195 1522 245 U,c,5.<34,

45 245 336 297 multitudini
364 249 492 299 foret
511 287 525 309 ‚
555 250 815 315 quibusque
839 250 1117 297 muneribus
1141 251 1318 312 princi·
1333 252 1522 294 mutos.

45 328 131 378 pes
149 314 462 366 advenientes
483 355 496 376 ‚
525 316 665 366 vestis
687 355 701 377 ‚
737 317 949 384 argenti,
980 333 1317 381 equorumque

46 395 331 447 excepturus
357 402 439 433 rex
474 384 587 433 esset
607 423 620 443 ‚
654 385 714 433 de
745 386 816 433 his
847 384 1043 450 quidem
1074 382 1118 430 se
1149 384 1316 432 corum

46 452 324 514 cognituros
348 451 640 514 respondent
665 470 678 512 3
704 452 819 500 illud
849 451 981 517 quod
1002 449 1205 517 praesens
1234 467 1320 514 pe-

14 514 260 581 -pigiffent
296 522 594 585 interrogant
617 558 630 579 ‚
666 521 840 585 ecquid
876 536 1042 567 aurum
1061 555 1074 578 ‚
1110 518 1244 584 quod
1268 520 1316 567 in

43 580 252 650 singulos
288 587 476 652 pedites
505 587 779 652 equitesque
816 586 1133 635 dividendum
1167 583 1282 635 esset
1303 623 1320 645 ‚

23 649 200 700 ·secum
236 654 542 703 advexisset?
583 653 756 718 Quum
790 655 851 701 ad
886 655 934 701 id
969 654 1084 701 nihil
1117 652 1316 718 respon-

42 718 235 768 deretur
252 760 266 782 ,
284 720 550 771 Clondicus
571 722 760 789 regulus
782 739 978 779 eorum,
1004 722 1132 779 Abi,
1159 740 1321 770 renun-

43 788 111 835 tia
136 806 229 855 ergo
245 828 262 849 ,
287 792 440 856 inquit
466 828 480 851 ‚
515 792 601 856 regi
619 828 636 848 ,
670 791 760 852 nist
790 808 946 837 autum
966 788 1215 852 obsidesque
1239 807 1316 837 ac-

42 859 234 922 ceperint
254 897 270 917 ,
304 856 522 923 nusquam
556 860 658 905 inde
685 858 854 906 Gallos
879 856 1063 922 longius
1083 858 1316 922 vestigium

130 919 248 973 iiras.
285 925 404 974 Haec
441 926 589 974 relata
624 926 723 992 regi
755 941 904 991 quum
929 922 1077 973 essent
1103 961 1118 983 ,
1152 925 1316 973 advo-

70 1005 148 1040 ato
168 993 366 1042 consilio
388 1031 402 1054 ,
430 1011 605 1061 quum,
635 993 749 1059 quid
766 1009 936 1042 omnes
952 991 1121 1040 suasuri
1138 990 1314 1050 essent,

37 1075 292 1125 appareret
316 1097 331 1120 ,
370 1062 467 1128 ipse
492 1099 506 1122 ‚
547 1063 763 1127 pecuniae
794 1060 938 1127 quem
971 1061 1107 1126 regni
1137 1060 1318 1108 melior·

35 1126 190 1177 custos
210 1165 224 1188 ‚
250 1129 414 1178 institit
439 1130 498 1178 de
529 1127 726 1194 perfidia
749 1129 799 1177 ὃ(
832 1128 1019 1176 feritate
1049 1125 1308 1176 Gallorum

36 1193 275 1245 disserere.
302 1198 554 1246 Multorum
565 1195 669 1263 jam
689 1197 793 1244 ante=
816 1196 1022 1243 cladibus
1043 1210 1266 1260 expertum
1286 1233 1305 1254 ,

31 1263 326 1330 periculosum
356 1263 435 1328 effe
463 1280 637 1313 tantam
657 1265 986 1312 multitudinem
1008 1265 1055 1310 in
1082 1265 1304 1311 Macedo-

39 1333 165 1380 niam
198 1336 395 1398 accipere
415 1371 431 1391 ‚
459 1352 513 1380 ne
537 1335 764 1399 graviores
792 1349 864 1379 eos
884 1330 1037 1395 socios
1072 1332 1267 1378 habeant
1286 1368 1304 1389 ,

37 1399 171 1464 quam
200 1401 339 1466 hostes
371 1405 620 1450 Romanos.
672 1403 885 1465 Quinque
921 1399 1070 1446 millia
1103 1401 1301 1462 equitum

27 1465 105 1530 sat
131 1465 210 1530 effe
232 1507 248 1526 ,
280 1470 443 1533 quihus
467 1469 510 1515 ἐξ)
533 1471 601 1516 uti
619 1471 682 1515 ad
697 1468 860 1515 bellum
873 1464 1082 1532 poffint2
1116 1466 1160 1514 δ’
1190 1484 1301 1532 quo-

37 1553 131 1582 rum
159 1537 490 1584 multitudinem
519 1537 606 1601 ipsi
635 1554 726 1583 non
759 1537 958 1582 timeant.

105 1601 320 1651 XXVII.
358 1621 378 1669 3
418 1603 699 1669 Apparebat
731 1603 992 1661 omnibus,
1027 1601 1311 1650 mercedem

34 1670 350 1720 multitudinis
382 1673 551 1721 timere
578 1690 592 1731 3
633 1688 722 1719 nec
750 1673 1005 1737 quicquam
1040 1670 1200 1717 aliud:
1224 1668 1307 1718 sed

36 1755 183 1804 quum
220 1739 415 1788 suadere
449 1737 712 1788 consulenti
747 1755 894 1788 nemo
940 1738 1138 1786 auderet
1171 1775 1185 1797 ‚
1227 1750 1310 1786 re·-

35 1808 240 1854 mittitur
265 1808 542 1874 Antigonus
562 1810 642 1874 qui
669 1809 909 1856 nunti-aret
932 1844 945 1866 ‚
972 1808 1182 1872 quinque
1204 1805 1316 1853 mil-

35 1873 152 1925 lium
173 1878 385 1940 equi-turn
408 1877 556 1941 oper&
575 1877 761 1924 tantum
778 1876 844 1922 uti
867 1890 1059 1941 regem:
1084 1888 1312 1922 contern-

35 1958 150 1991 nere
174 1944 532 1992 multitudinem
564 1943 720 1992 aliam.
770 1942 928 2008 Quod
961 1942 1042 1990 ubi
1077 1942 1306 1990 audivere

32 2010 252 2071 barbari,
282 2027 556 2061 ceterorum
593 2011 788 2078 quidem
829 2009 1047 2059 fremitus
1078 2009 1199 2068 fuit,
1231 2010 1311 2057 in·-

18 2077 332 2145 'dignantium
359 2079 402 2128 se
421 2078 583 2128 frustra
603 2082 783 2128 excitos
800 2078 985 2128 sedibus
1005 2076 1094 2125 suis
1117 2095 1129 2125 .·
1157 2075 1310 2126 Clon-

37 2145 167 2194 dicus
200 2147 352 2196 rursus
389 2150 651 2214 interrogat
675 2185 688 2207 ,
732 2147 902 2213 ecquid
946 2144 1055 2211 ipsls
1094 2147 1308 2212 quinque

36 2215 238 2262 millibus
263 2254 274 2273 ‚
299 2216 429 2281 quod
452 2214 747 2264 convenisset
764 2252 777 2275 ,
798 2212 1107 2262 numeraret?
1136 2213 1308 2278 Quum

37 2282 270 2332 adversus
291 2285 338 2332 id
358 2301 553 2350 quoque
583 2283 768 2332 misceri
797 2283 1023 2348 ambages
1049 2297 1267 2331 cerneret
1293 2318 1312 2341 ‚

101 2403 122 2446 3
160 2394 391 2448 Apparebat
431 2394 637 2447 omnibus]
703 2408 780 2434 nec
809 2395 1021 2449 quidquam
1043 2394 1148 2435 aliud
1176 2406 1265 2433 eum
1288 2406 1312 2431 a

35 2454 266 2510 Apparebat
298 2457 478 2497 omnibus
500 2458 546 2495 iis
574 2456 638 2509 qui
704 2457 956 2496 multitudine
993 2457 1162 2502 timere,
1194 2468 1310 2507 quam

37 2515 77 2557 in
107 2518 269 2558 consilio
304 2530 417 2558 era-nt
439 2550 450 2567 ‚
486 2516 639 2557 simillae
702 2518 1014 2571 magnit-*dinem
1029 2516 1313 2569 pecuriiaequee

34 2581 121 2618 'tum
176 2579 252 2619 esse
294 2581 402 2618 illum
455 2581 640 2619 timorem
704 2580 742 2618 in
761 2578 846 2631 ejus
878 2578 1139 2619 mulzitudiui‚
1166 2578 1314 2632 slipen:-

41 2653 157 2694 quem
182 2640 383 2696 justitabat
427 2640 591 2684 Perseus
625 2655 637 2683 :
705 2641 810 2683 dium
844 2641 1046 2697 eroganda
1079 2638 1192 2681 esset,
