1670 3068
264 103 340 179 36
546 104 817 164 T1T1
922 109 1264 166 L1V11

54 185 399 245 U.c,55(‚·nibus
436 202 546 235 cum
576 186 761 238 summa
796 187 892 238 fide
925 206 1131 256 curaque
1165 187 1390 256 perfeffls
1413 224 1429 246 ‚
1460 205 1566 238 co-v

54 252 130 289 ἓ-(Σ
159 254 232 318 fio
264 255 398 303 mitia
429 255 632 317 habuit3
663 259 807 306 creati
840 256 944 306 sunt
993 257 1211 307 consules
1246 259 1348 324 Ap.
1391 254 1547 307 Clau-

57 308 242 356 Comma.
261 321 366 372 dius
403 321 636 384 Pulcher,
673 324 746 374 M.
778 324 1092 391 Sempronius
1124 325 1414 375 Tuditanus.
1442 323 1548 373 Po-

256 387 382 441 stero
419 392 497 441 die
537 408 766 459 praetores
803 393 912 441 facti
954 394 1006 442 Ρ.
1045 392 1307 443 Cornelius
1351 391 1548 443 Cethe-

253 476 341 526 gus
361 498 376 520 ,
404 459 466 509 A.
493 459 764 509 Postumius
797 461 1001 509 Albinus
1021 498 1035 517 ‚
1065 460 1127 511 C.
1157 461 1384 510 Afranius
1411 460 1548 509 Stel-

251 529 347 587 lio,
374 526 439 577 C.
482 529 657 576 Atilius
694 528 925 577 Serranus
947 567 963 588 ‚
998 529 1053 577 L.
1094 529 1362 578 Postumius
1391 528 1548 578 Tem-

249 594 425 662 psanus
443 634 457 655 ‚
482 595 554 644 M.
580 595 815 645 Claudius
840 597 1119 646 Marcellus.
1149 597 1384 646 Extremo
1404 599 1546 657 anni,

252 665 364 729 quia
391 662 474 729 Sp.
497 663 763 714 Postumius
789 665 953 714 consul
989 668 1351 715 renuntiaverat
1375 704 1388 724 ‚
1409 682 1550 732 pera·

253 747 475 799 grantem
518 732 566 783 se
603 749 806 800 propter
843 733 1128 800 quaestiones
1163 750 1420 800 utrumque
1465 734 1548 782 lit-

252 816 330 849 tus
345 799 494 849 Italiae
514 839 528 861 ‚
552 801 761 851 desertas
779 803 994 851 colonias
1015 841 1027 862 ‚
1049 802 1305 868 Sipontum
1325 802 1511 868 Supero
1533 839 1547 860 ‚

252 866 531 918 Buxentum
573 869 739 920 Infero
782 872 938 931 mari,
989 870 1222 920 inveniffe
1257 888 1272 930 ;
1310 872 1549 919 triumviri

255 937 318 985 ad
356 939 562 987 colonos
586 941 648 989 eo
671 939 950 988 scribendos
978 956 1036 988 ex
1061 939 1466 988 senatusconsulto
1488 940 1547 987 ab

257 1004 324 1054 T.
355 1006 538 1055 Maenio
559 1022 766 1074 praetore
788 1008 970 1057 urbano
1000 1011 1148 1057 creati
1177 1007 1280 1056 sunt
1302 1046 1316 1066 ‚
1343 1006 1398 1056 L.
1421 1006 1551 1056 Scri-

258 1075 439 1190 bfirpus
473 1075 596 1126 Libo
616 1114 632 1138 ‚
660 1075 737 1126 M.
764 1076 974 1126 Tuccius
999 1114 1014 1138 ,
1045 1074 1142 1130 Cn.
1172 1076 1366 1126 Baebius
1394 1074 1550 1124 Tam-

263 1161 294 1209 Ρ
335 1161 439 1192 tus.
1399 1156 1402 1158 v

54 1216 249 1267 U.c.567.
332 1210 521 1261 XXIII.
554 1211 683 1262 Cum
725 1212 900 1264 Perseo
931 1229 1044 1283 rege
1093 1213 1144 1263 &
1191 1211 1550 1262 Macedonibus

47 1273 229 1322 ’ΜΣ-135
262 1279 446 1329 bellum
482 1281 617 1347 quod
655 1284 974 1341 imminebat,
1017 1301 1116 1332 non
1156 1282 1284 1331 unde
1331 1282 1549 1348 plerique

55 1392 94 1427 s
120 1331 205 1403 Ap...
265 1350 556 1413 opinantur,
576 1367 665 1400 nec
689 1351 747 1399 ab
775 1352 875 1415 ipso
902 1351 1076 1400 Perseo
1094 1350 1253 1400 causas
1277 1353 1408 1416 cepit
1436 1367 1451 1410 3
1476 1353 1550 1397 in-

53 1396 437 1497 ffilaggffi-’choata
482 1420 616 1467 initia
663 1437 687 1467 a
737 1419 959 1486 Philippo
1002 1420 1106 1470 sunt
1145 1437 1156 1467 r.
1193 1419 1244 1467 &
1276 1420 1314 1467 is
1348 1418 1480 1485 ipse,
1514 1416 1549 1467 fi

54 1486 203 1572 pronio
268 1486 443 1536 diutius
482 1485 696 1547 vixisset,
732 1488 779 1536 id
816 1490 999 1537 bellum
1038 1486 1256 1555 geffiffet.
1288 1487 1401 1536 Una
1435 1503 1549 1536 eum

54 1579 169 1620 Coff.
267 1572 343 1602 res
377 1592 391 1615 ‚
440 1573 590 1622 quum
626 1555 753 1604 νίξὶο
802 1558 936 1624 leges
975 1558 1344 1623 imponerentur
1374 1593 1391 1617 ,
1437 1573 1549 1602 rna-

119 1624 392 1695 causaexime
425 1628 667 1691 angebat,
703 1624 869 1690 quod,
910 1627 992 1692 qui
1032 1624 1368 1675 Macedonum
1405 1624 1465 1672 ab
1503 1623 1548 1672 se

54 1704 248 1743 bel-licum
264 1690 546 1741 defecerant
575 1695 622 1741 in
647 1693 806 1753 bello,
837 1695 885 1742 in
921 1712 1004 1742 eos
1025 1692 1098 1758 jus
1130 1693 1358 1742 saeviendi
1378 1692 1551 1741 adem-

53 1765 218 1821 Perfeo.
261 1776 401 1826 ptum
424 1763 465 1809 ei
499 1761 557 1809 ab
580 1761 744 1810 senatu
772 1777 902 1811 erat:
928 1779 1107 1829 quum,
1142 1763 1252 1828 quia
1290 1778 1392 1811 rem
1426 1764 1549 1810 inte·

255 1846 391 1896 gram
431 1829 665 1895 Quintius
703 1831 752 1878 in
797 1831 1159 1880 conditionibus
1193 1833 1322 1895 pacis
1354 1828 1550 1878 distule-

253 1911 327 1946 rat
350 1935 364 1957 ‚
399 1915 499 1947 non
537 1897 824 1963 desperasset
850 1901 1096 1965 impetrari
1120 1897 1269 1964 poffe.
1294 1897 1546 1947 Antiocho

253 1982 370 2032 rege
407 1966 584 2015 deinde
619 1967 751 2016 bello
791 1967 1014 2034 superato
1045 1968 1105 2016 ad
1142 1966 1508 2033 Thermopylas
1533 2005 1548 2025 ‚
1588 1982 1592 1983 ⁷

254 2033 416 2083 divisis
446 2037 658 2101 partibus
679 2072 693 2093 ‚
721 2053 869 2102 quum
900 2054 986 2102 per
1012 2049 1212 2085 eoitiem
1253 2035 1355 2084 dies
1378 2034 1544 2084 consu}

254 2101 439 2151 Acilius
480 2104 808 2171 Heracleam,
842 2105 1088 2171 Philippus
1129 2104 1344 2152 Lamiam
1382 2122 1545 2170 oppu-

252 2170 436 2239 gnaffet
457 2188 470 2230 ;
495 2172 637 2239 capta
668 2172 938 2234 Heraclea,
963 2176 1072 2240 quia
1108 2170 1251 2237 juffus
1286 2171 1546 2222 abscedere

252 2258 282 2288 a
317 2241 561 2288 moenibus
597 2240 776 2289 Lamiae
812 2257 914 2290 erat
935 2281 948 2303 ,
983 2259 1002 2290 1
1035 2240 1364 2307 Romanisque
1392 2243 1546 2307 oppi-

255 2307 373 2356 dum
395 2308 614 2359 dedi-tum
637 2307 704 2358 est
725 2349 739 2370 ‚
768 2312 892 2377 aegre
928 2327 1034 2359 eam
1064 2327 1167 2358 rem
1199 2309 1408 2370 tulerat3
1436 2326 1552 2374 per-

253 2375 413 2426 mulsit
447 2380 566 2425 iram
600 2377 703 2442 ejus
736 2379 933 2437 consul,
972 2378 1103 2445 quod
1142 2378 1202 2427 ad
1238 2376 1544 2444 Naupactum

250 2442 352 2512 ipse
391 2445 618 2495 festinans
645 2484 660 2507 ‚
695 2448 792 2513 quo
832 2447 879 2498 se
920 2464 979 2496 ex
1028 2447 1140 2514 fuga
1175 2447 1328 2497 AEtoli
1368 2463 1580 2496 contu-²

319 2545 334 2572 1
372 2531 634 2587 Romanifiyue
681 2534 865 2589 oppidum
931 2547 982 2581 25
1006 2562 1016 2578 ‚
1038 2534 1078 2573 ἃ
1101 2534 1338 2580 XXXVII,
1360 2547 1403 2584 4.
1424 2537 1546 2576 Alios.

251 2594 422 2633 deditum
444 2596 525 2649 est]
545 2596 677 2636 Aliter
694 2611 757 2636 res
778 2612 862 2638 nar·
928 2595 1112 2637 nimirum
1145 2597 1237 2636 alibi
1267 2597 1451 2640 austeres
1476 2597 1542 2641 se·

249 2659 333 2697 rata
371 2656 424 2696 est
465 2658 575 2712 supra
595 2687 609 2704 ,
638 2658 858 2708 XXXVI,
928 2671 1074 2714 quutus
1095 2658 1150 2701 est
1170 2659 1347 2718 Livius..-
