1670 3068
402 93 445 148 L
491 110 510 148 1
557 107 591 147 Β
639 108 672 147 Ε
717 109 755 149 R
853 92 910 150 X
949 95 1015 151 L.
1237 117 1314 173 90

37 171 273 230 haberem,
315 190 405 220 non
437 172 485 219 in
520 191 586 220 me
617 187 858 236 querentem
888 174 1176 239 depreherzfits
1206 180 1314 241 irist-
1337 197 1529 247 U.c.5··-⁸.

36 242 174 298 dias,
195 238 279 302 sed
305 242 353 288 in
383 257 481 287 eum
512 241 590 305 qui
611 236 785 304 feciffi’t
803 277 820 298 ‚
843 238 1062 303 saevires:
1097 262 1176 290 nec
1202 249 1314 293 adeo
1338 251 1525 296 21:³82.

42 309 125 355 ribi
164 307 278 355 vilis
307 309 408 356 vica
429 304 529 371 ejffet
551 309 696 373 nostra
716 345 732 365 ,
771 322 820 354 ut
853 326 932 354 nec
954 312 1174 374 praeterito
1197 316 1317 376 peri-

41 374 143 422 culo
173 392 265 423 meo
296 376 528 423 movereris
551 412 569 433 ‚
618 394 757 440 neque
795 373 954 440 futuro
974 412 991 434 ,
1018 377 1068 439 si
1091 378 1316 441 infidiarz-

42 442 162 490 tibus
186 442 251 504 fit
281 442 477 508 impune.
514 443 675 507 Itaque
697 443 745 506 fi
763 445 872 490 mori
900 445 1087 492 tacitum
1118 460 1315 511 oportet,

43 524 305 568 taceamus,
335 511 509 575 precati
544 510 721 557 tantum
755 513 861 557 deos
892 526 942 558 ut
972 531 1001 557 a
1033 530 1099 559 me
1126 528 1315 578 coeptum

30 574 181 639 scelus
211 579 258 624 iri
283 595 347 624 me
361 578 499 640 finem
531 578 692 625 habeat
711 615 727 635 ,
763 596 841 624 nec
852 595 936 642 per
959 597 1100 627 meum
1122 580 1246 628 latus
1262 596 1314 629 tu

34 645 223 708 petaris.
255 659 275 708 3
294 646 384 691 Sin
408 659 555 691 autem
572 682 589 702 ,
621 644 640 707 (
661 647 784 708 quod
801 647 1114 710 circumventis
1134 649 1181 695 irz
1193 647 1315 712 soli-

36 713 194 758 tudine
222 726 384 758 natura
411 710 509 776 ipsa
528 710 718 776 subjicit
742 749 759 769 ,
802 727 852 759 ut
889 714 1118 761 hominum
1141 753 1158 773 ,
1199 732 1311 781 quos

36 796 281 843 numquam
296 780 490 826 viderint
513 816 530 836 ‚
558 780 697 842 fidem
720 794 868 827 tamen
900 781 1173 849 implorent)
1200 785 1313 833 mihi

42 859 214 910 'quoque
236 843 401 910 ferrum
424 847 471 893 in
503 864 568 892 me
587 848 784 911 strifflum
815 850 1006 896 cementi
1040 867 1190 898 vocem
1208 854 1316 900 mit-

40 927 124 960 tere
155 913 289 959 liceat
305 931 326 971 ,-
357 930 442 978 per
465 928 506 960 te
530 917 818 979 patriumque
842 934 999 964 nomen
1019 954 1037 975 ,
1073 920 1195 982 quod
1223 921 1315 968 utri

38 980 228 1045 nostrum
244 978 452 1043 fiznblius
473 981 569 1044 fit,
606 980 709 1047 jam
729 984 902 1048 pridem
927 982 1073 1047 fiatis
1098 1023 1115 1044 ‚
1152 988 1219 1033 ita
1247 1007 1313 1036 me

38 1048 241 1105 audias,
273 1066 464 1113 precor,
504 1062 733 1114 tamquam
762 1051 810 1112 fi
843 1069 951 1100 voce
984 1052 1028 1100 δ’
1067 1055 1317 1119 complora-

38 1116 157 1162 tione
200 1116 414 1163 noHurrzd
455 1118 632 1164 excitus
678 1119 790 1165 mihi
837 1121 1077 1183 quiritanti
1122 1123 1314 1171 interve·-

38 1178 171 1245 niſjes
194 1220 212 1240 ,
247 1185 525 1231 Demetrium
556 1203 654 1232 cum
688 1189 876 1234 armatis
899 1190 1022 1234 nocte
1055 1189 1312 1256 intempesta*

36 1251 87 1298 iu
106 1251 317 1316 vestibulo
353 1269 445 1299 meo
477 1251 824 1317 deprehendiffes
857 1273 876 1313 ,·
916 1257 1039 1319 quod
1064 1270 1155 1304 tum
1187 1260 1313 1306 voci-

11 1347 13 1351 ι
26 1315 195 1382 ftrarer
220 1320 269 1366 iri
294 1338 335 1366 re
365 1317 570 1384 praesenti
598 1323 807 1385 pavidus
832 1359 849 1378 ,
882 1323 964 1369 lzoc
995 1341 1116 1370 nunc
1137 1328 1310 1391 postero

38 1387 109 1432 die
141 1405 303 1450 queror.
334 1389 515 1445 Frater,
542 1405 634 1436 non
667 1406 699 1448 4
719 1385 1047 1450 comiſjarztium
1079 1393 1128 1439 in
1167 1395 1312 1442 vicem

25 1450 210 1519 jamdiu
245 1456 445 1502 vivimus
483 1456 597 1502 inter
629 1474 729 1505 nos.
775 1460 978 1522 Regnare
1007 1460 1161 1524 utique
1194 1463 1269 1509 vis
1286 1480 1310 1521 ,-

36 1520 141 1567 lzuic
162 1519 263 1586 spei
295 1537 379 1569 tua:
415 1523 555 1588 obstat
589 1538 699 1570 aetas
739 1542 835 1571 mea
868 1562 886 1582 ,
941 1527 1081 1591 obstat
1111 1530 1312 1593 gentium

25 1585 111 1653 jus
130 1626 146 1645 ‚
188 1590 326 1654 obstat
350 1592 545 1655 vetustus
572 1592 860 1638 Macedonia
891 1610 1018 1650 mos,
1044 1595 1184 1660 obstat
1205 1598 1309 1645 vero

34 1658 172 1703 etiam
191 1658 339 1721 patris
364 1655 609 1722 judicium.
650 1674 670 1723 ς
706 1661 818 1706 Huc
842 1658 1155 1722 trarzffi'erzdere
1174 1701 1192 1721 ,
1219 1664 1313 1728 nisi

31 1740 116 1788 per
148 1741 287 1772 meum
307 1722 574 1790 fizrzguinem
595 1763 612 1784 ‚
654 1743 744 1773 nori
761 1740 893 1792 potes
904 1746 926 1786 ,-
961 1731 1113 1776 omnia
1137 1732 1312 1780 moliris

38 1790 84 1838 δ’
111 1804 273 1839 tentas.
309 1793 480 1840 Adhuc
510 1790 592 1856 feu
632 1811 737 1841 cura
772 1812 866 1841 mea
900 1832 917 1853 ,
953 1794 1035 1858 seu
1074 1795 1266 1862 fortuna
1288 1837 1308 1859 ,

40 1859 192 1924 restitit
208 1861 456 1924 parricidio
478 1875 571 1907 tuo.
607 1863 827 1927 Hesterzzsi
849 1864 920 1909 die
938 1864 986 1910 in
1013 1864 1271 1931 lustratione
1288 1905 1308 1926 ‚

35 1925 83 1973 ὁ
103 1925 280 1990 decurfic
296 1965 314 1985 ,
349 1927 392 1975 ὃ»
403 1928 645 1990 stmulacro
674 1930 845 1977 ludicro
863 1947 1030 1997 pugnae
1046 1969 1063 1990 ,
1081 1931 1310 2001 funestum

101 2011 643 2062 3Sinautenz...vocemmit-
695 2017 923 2070 parentibus
958 2046 970 2065 ,
1009 2034 1166 2073 precor.
1210 2022 1311 2063 Vid.

36 2084 115 2112 tere
142 2072 261 2111 liceat
282 2089 296 2120 ,-
315 2089 389 2128 per
404 2087 441 2114 te
454 2077 641 2129 patrium·
698 2079 843 2118 XX1X
863 2110 875 2130 ‚
918 2079 986 2119 18.

35 2148 105 2187 que
126 2135 294 2187 nomen]
328 2135 467 2190 Lege,
492 2137 554 2189 fitz
577 2153 643 2178 au·
758 2152 788 2189 4
839 2139 1127 2193 Comiffantium
1162 2142 1203 2183 in
1246 2143 1311 2183 vi-

38 2207 161 2235 tem...
185 2209 314 2234 vocem
337 2198 487 2237 mittere
514 2199 639 2247 licet5
699 2202 809 2254 cem]
831 2202 875 2241 In
900 2203 1029 2243 vicem
1049 2235 1061 2254 ,
1089 2205 1128 2244 in
1153 2219 1310 2247 morem

31 2270 129 2310 per,
160 2269 223 2302 te,
248 2257 416 2310 patrium
447 2274 640 2303 nomen...
699 2263 1000 2304 comissantium.

38 2316 95 2356 ita
121 2331 179 2356 me
207 2318 340 2357 audias
359 2347 370 2366 ‚
402 2335 559 2374 precor.
578 2322 640 2362 Te
765 2324 881 2374 5an
897 2325 1199 2380 tranffcendere]
1216 2327 1307 2367 Me-

37 2392 186 2431 precor
201 2393 274 2432 per
288 2381 456 2433 patrium
475 2397 640 2429 nomen,
698 2382 770 2425 Ιίὰς
784 2387 860 2425 baec
875 2401 885 2427 ε
902 2388 1046 2428 eodem
1060 2402 1203 2441 nempe
1221 2403 1307 2429 mo·

35 2440 92 2479 ita
120 2453 182 2479 me
222 2440 391 2487 audias.
442 2454 641 2498 tamquam
699 2446 751 2486 do
797 2462 876 2500 quo
909 2449 1009 2488 infra
1049 2463 1085 2489 c.
1129 2461 1175 2490 11
1199 2478 1211 2495 ,
1243 2449 1309 2503 qui

38 2499 120 2541 &c.
151 2501 215 2540 Sic
251 2502 278 2541 l.
313 2502 487 2551 XXIII,
524 2519 561 2547 c.
596 2518 639 2557 9.
697 2505 983 2563 tranffcendere
1007 2509 1174 2564 festinat
1203 2511 1309 2552 ordi·

39 2559 119 2601 Per
141 2576 208 2618 ego
232 2576 269 2603 te
285 2591 295 2610 ,
326 2564 407 2618 filii
430 2592 440 2613 ,
462 2580 642 2619 quaecum·
698 2584 782 2611 nem
804 2571 947 2614 atatis.

35 2636 108 2678 que
142 2623 237 2677 jura
286 2625 431 2668 liberos
473 2626 644 2684 jungunt
930 2687 971 2740 E
1020 2687 1032 2697 ·

1001 2704 1035 2757 ¹1
