1670 3068
301 96 661 149 LinER
758 91 1051 148 XLIV.
1176 111 1294 167 409

6 167 234 241 *vigiliam
279 172 404 222 ferre
454 174 641 222 vetuit:
691 186 791 218 non
829 172 964 219 ‘enim
1002 173 1049 218 in
1086 189 1296 238 pugnam
1318 183 1506 232 [Laesa.

28 243 226 308 vigilem
262 242 329 291 ire
352 278 366 302 ,
399 255 452 289 ut
482 241 624 288 armis
663 252 818 287 utatur
837 275 852 297 ‚
889 238 970 286 sed
1000 238 1060 285 ad
1090 240 1297 306 vigilan·-
1319 239 1504 280 MAG&

30 310 145 358 dum
171 347 186 370 ‚
214 322 298 368 ut,
332 325 478 374 quum
516 305 709 356 senserit
743 304 947 355 hostiurn
987 307 1251 356 adventum
1280 345 1296 368 ,

28 378 227 443 recipiat
257 374 304 425 se
325 413 338 435 ‚
370 378 640 440 excitetque
665 375 725 422 ad
750 391 880 423 arma
915 373 1050 424 alios,
1096 389 1116 440 5
1152 373 1302 424 Scuto

30 463 127 512 prae
148 444 192 492 se
213 443 373 492 erecio
395 442 513 491 stare
535 443 751 509 galeatos
774 460 783 490 :
817 441 927 490 dein
946 442 1027 490 ubi
1052 440 1154 490 feffi
1177 441 1265 490 sint
1286 480 1303 502 ‚

33 514 218 563 innixos
241 512 340 577 pilo
364 548 377 570 ‚
408 511 564 577 capite
586 510 725 573 super
749 512 1013 576 marginem
1036 509 1151 559 scuti
1170 509 1306 576 posi·-

32 594 84 630 το
107 618 122 641 ,
153 580 334 645 sopitos
356 577 474 627 stare
502 595 512 625 ε
546 592 594 625 ut
631 577 921 644 fulgentibus
958 580 1098 626 armis
1135 576 1308 644 procul

35 646 244 713 conspici
262 648 320 695 ab
341 645 474 695 hoste
499 644 674 711 poffint
702 682 714 702 ‚
745 645 828 710 ipsi
851 646 966 694 nihil
997 647 1308 710 provideant.
1469 704 1477 714 ‘

34 715 305 766 Stationum
362 730 556 779 quoque
604 729 791 760 rnorem
845 715 1048 761 mutavit
1079 731 1093 772 3
1141 714 1310 763 armati
1366 708 1520 750 Stam-

37 801 209 835 0mnes
231 821 245 842 ‚
274 782 326 831 ὅ(
353 781 548 831 frenatis
580 783 714 847 equis
741 782 924 845 equites
942 818 957 840 ‚
995 782 1124 828 diem
1142 786 1413 831 totum'm·

37 851 310 920 perstabant
333 868 347 909 3
386 850 433 898 id
465 867 610 916 quum
645 847 811 896 aestivis
832 847 998 897 diebus
1019 864 1186 898 urente
1210 848 1315 903 affi-

39 921 139 969 duo
170 918 268 968 sole
302 917 442 967 fieret
461 955 476 979 ,
511 931 584 966 tot
612 915 837 966 horarum
873 914 981 964 aestu
1007 916 1057 965 &
1081 918 1316 985 languore

39 986 165 1053 ipsos
197 985 442 1053 equosque
480 983 621 1034 seffos
663 985 836 1051 integri
872 984 995 1049 saepe
1033 985 1189 1035 adorti
1223 987 1319 1035 ho-

41 1056 132 1106 stes
152 1093 165 1114 ,
187 1057 268 1104 vel
289 1056 427 1121 pauci
452 1053 609 1119 plures
634 1054 875 1101 vexabant
902 1070 914 1111 3
947 1056 1108 1119 itaque
1136 1072 1195 1103 ex
1216 1072 1320 1103 ma-

40 1125 191 1174 tutina
212 1124 414 1172 statione
434 1122 494 1170 ad
515 1120 768 1170 meridiem
790 1120 958 1168 decedi
981 1157 994 1179 ‚
1029 1122 1078 1169 &
1107 1123 1155 1170 in
1186 1121 1319 1188 post·

41 1191 354 1241 meridianam
375 1189 628 1239 succedere
651 1189 768 1236 alios
790 1186 915 1250 juffit
938 1205 947 1235 ε
972 1190 1035 1236 ita
1053 1207 1318 1257 numquam

41 1259 265 1326 fatigatos
291 1275 460 1306 recens
482 1255 626 1306 hostis
649 1256 843 1323 aggredi
869 1271 1077 1321 poterat.

113 1326 354 1375 XXX1V.
388 1325 504 1374 Haec
538 1342 687 1391 quum
726 1327 787 1371 ita
829 1323 931 1373 fieri
969 1326 1160 1388 placere
1196 1343 1321 1375 con-

45 1396 186 1445 cione
221 1395 459 1443 advocata
497 1390 873 1459 pronuntiasset,
911 1391 1086 1455 adjecit
1124 1395 1320 1442 urbanae

47 1465 272 1513 concioni
306 1461 1010 1512 convenientemorationem.
1055 1465 1209 1510 Unum
1240 1465 1321 1510 im·
1381 1458 1525 1502 oran-‘0

42 1546 286 1599 peratorem
311 1533 359 1578 in
394 1531 587 1577 exercitu
612 1531 844 1595 providere
878 1529 923 1576 ἃ
958 1527 1177 1592 consulere
1209 1532 1322 1595 quid
1341 1520 1505 1590 AEmilji·

49 1601 270 1666 agendum
295 1599 360 1662 sit
393 1599 571 1655 dehere,
605 1614 724 1644 smne
752 1594 936 1662 perse,
968 1615 1088 1644 nunc
1123 1616 1222 1646 cum
1260 1600 1320 1646 iis
1337 1581 1387 1618 “d
1421 1584 1530 1623 ''nl“

50 1685 163 1733 quos
183 1667 475 1715 advocaverit
494 1666 541 1712 in
562 1665 794 1728 confilium
809 1683 830 1723 ,·
860 1667 938 1728 qui
958 1683 1049 1712 non
1063 1665 1158 1728 sint
1178 1668 1322 1714 advo-
1337 1656 1412 1688 κ’·

51 1736 178 1792 cati,
205 1752 280 1781 eos
309 1752 388 1781 nec
409 1734 571 1799 palam
595 1770 612 1790 ‚
647 1750 724 1779 nec
740 1730 905 1794 secreto
933 1730 1107 1798 jaffare
1135 1735 1325 1797 consilia

41 1799 148 1867 fica.
199 1801 404 1850 Militem
443 1802 533 1848 haec
564 1802 651 1847 tria
680 1818 830 1847 curare
861 1801 1006 1848 debere
1028 1838 1044 1859 ,
1081 1818 1242 1868 corpus
1277 1816 1328 1850 ut

54 1870 188 1936 qua'm
208 1869 527 1933 validifflmum
555 1867 599 1916 δ’
617 1868 958 1933 pemiciffi'mum
979 1869 1142 1916 habeat
1155 1908 1173 1928 ,
1201 1888 1329 1917 arma

53 1952 199 2004 apta,
228 1937 373 1985 cibum
402 1950 616 2001 paratum
649 1938 714 1982 ad
733 1934 888 1997 subita
925 1938 1151 2001 imperia:
1187 1952 1328 1986 cetera

45 2004 159 2070 scire
199 2006 252 2052 de
281 2003 331 2067 se
374 2005 465 2053 diis
502 2003 827 2052 immortalibus
866 2003 910 2051 ὃ)
960 2006 1213 2069 imperatori
1240 2003 1327 2068 fiio

0 2101 1 2111 ÷
58 2090 169 2121 curce
217 2069 297 2134 effi
319 2090 341 2131 ‚·
397 2074 443 2119 in
479 2089 565 2135 quo
610 2073 803 2118 exercitu
848 2071 1013 2118 milites
1046 2071 1284 2135 confidant
1309 2110 1328 2131 ,

59 2141 298 2206 imperator
317 2140 561 2187 rumoribus
581 2139 708 2205 vulgi
726 2140 1054 2205 circumagatur
1068 2177 1083 2200 ‚
1121 2142 1184 2188 ibi
1209 2142 1331 2189 nihil

31 2205 251 2273 ,fillutare
271 2206 368 2273 effe.
409 2209 466 2254 Se
489 2208 611 2271 quod
623 2208 687 2270 fit
713 2206 909 2274 officium
933 2209 1208 2273 imperatoris
1220 2226 1329 2274 pro-

59 2273 255 2339 visurum
273 2313 289 2334 ,
320 2289 370 2323 ut
392 2276 496 2321 bene
521 2276 714 2340 gerendae
748 2276 808 2322 rei
838 2275 1111 2338 occasionem
1140 2278 1205 2324 eis
1217 2293 1332 2342 prce-

60 2343 160 2390 beat
178 2362 199 2402 ‚·
232 2343 339 2391 illos
374 2342 496 2389 nihil
527 2344 650 2407 quod
671 2339 879 2407 ficturum
904 2344 968 2407 fic
1003 2361 1222 2408 quaerere:
1252 2345 1331 2392 uhi

60 2412 214 2459 datum
237 2411 417 2478 signum
431 2410 495 2473 fit
515 2448 532 2468 ‚
557 2425 650 2458 tum
676 2411 913 2458 militarem
938 2429 1114 2477 operam
1145 2430 1331 2461 navare.

127 2519 143 2555 5
169 2504 290 2545 Scuto
314 2519 392 2558 prae
420 2501 463 2558 se
498 2504 657 2558 melo]
724 2518 842 2558 quem
872 2504 1063 2545 haftenus
1089 2515 1329 2551 tenuerant,

0 2593 7 2604 ,,
60 2566 161 2607 Haec
180 2567 268 2606 sunt
295 2566 547 2607 incommoda
574 2580 661 2619 quae
724 2578 768 2606 ut
795 2566 946 2606 scutum
981 2567 1022 2607 &
1053 2576 1190 2606 cetera
1223 2579 1332 2607 arma

0 2662 4 2670 .
62 2628 276 2681 sequuntur
322 2641 372 2667 ex
426 2628 498 2670 illo
549 2640 662 2670 more
724 2628 766 2669 in
794 2627 966 2683 vigiliam
998 2626 1171 2671 ferrent.

136 2690 260 2736 Toen.
298 2687 377 2735 VI.
1028 2684 1060 2734 S
