1670 3068
307 111 664 167 LIBER
763 109 1057 166 XLIV.
1210 114 1324 184 36.)

46 185 193 238 essent
227 226 242 250 ,
277 191 326 238 in
356 189 547 239 classem
578 187 843 256 congestis,
884 190 1016 237 ocius
1055 190 1323 256 demigrare
1345 192 1538 256 ‘JK-533·

46 255 267 321 Pydnam
288 260 419 325 cogit
443 276 454 306 :
481 259 533 306 &
556 274 662 323 quae
679 258 924 305 temeritas
944 256 1150 305 consulis
1172 259 1324 307 videri
1344 250 1538 303 *hb-1⁶9·

45 323 303 389 potuisset,
353 326 486 391 quod
527 326 589 373 eo
631 322 923 390 proceffisset
948 361 961 383 ‚
1008 325 1138 373 unde
1173 326 1325 374 invito

45 389 180 438 hoste
215 394 402 459 regredi
437 395 692 455 nequiret,
738 410 846 441 eam
877 410 978 441 non
1008 391 1328 441 inconsultam

43 457 291 509 audaciam
330 459 458 510 fecit.
510 459 654 508 Duos
692 463 822 509 enim
858 459 997 508 saltus
1024 499 1038 521 ‚
1077 477 1162 525 per
1201 477 1327 524 quos

41 524 156 573 -inde
199 526 412 577 evadere
460 525 650 592 possent
687 563 702 585 ,
756 528 1001 576 habebant
1060 527 1270 575 Romani
1309 544 1320 575 :

42 609 189 640 unum
229 612 316 660 per
345 595 542 660 Tempe
581 597 629 642 in
658 592 947 643 Thessaliam
978 632 992 653 ‚
1039 596 1242 643 alterum
1273 597 1323 643 in

35 658 374 711 Macedoniam
402 677 573 728 praeter
600 661 784 720 Dium3
818 680 923 728 quae
945 677 1144 728 utraque
1181 664 1324 727 regiis

40 729 330 778 tenebantur
361 729 605 797 praefidiis.
650 728 820 794 Itaque
856 729 890 778 s1
932 728 1027 777 dux
1062 729 1328 794 intrepidus

41 795 216 844 decem
254 799 356 846 dies
402 801 604 863 primam
642 796 853 862 speciem
892 800 1326 862 appropinquantis

39 866 233 913 terroris
274 864 584 922 sustinuisset,
623 879 653 932 ι]
675 881 832 930 neque
869 878 1096 931 receptus
1135 864 1329 914 Roma-

37 932 110 979 nis
133 949 220 997 per
245 931 444 999 Tempe
465 937 511 981 in
531 930 825 980 Theffaiiam
845 969 860 992 ,
890 949 1051 999 neque
1072 950 1325 981 commea-

36 999 161 1048 tibus
201 1002 528 1065 pervehendis
563 1001 621 1048 εἰ)
647 999 866 1066 patuisset
898 1001 1004 1049 iter.
1048 999 1167 1048 Sunt
1191 1003 1324 1050 enim

36 1063 229 1132 Tempe
254 1068 393 1117 saltus
414 1107 427 1127 ‚
466 1066 647 1117 etiamsi
670 1085 768 1116 non
800 1067 932 1116 bello
974 1067 1055 1116 fiat
1083 1068 1277 1117 infestus
1308 1107 1325 1128 ,

38 1134 233 1184 transitu
281 1135 519 1195 difficilis3
566 1153 675 1183 nam
709 1152 735 1182 2
764 1151 938 1201 praeter
973 1136 1207 1201 angustias
1236 1154 1325 1200 per

35 1205 246 1269 quinque
267 1205 449 1264 millia,
485 1204 580 1269 qua
619 1205 846 1269 exiguum
882 1201 1105 1265 jumento
1146 1203 1343 1252 onusto,

35 1270 126 1318 iter
161 1270 229 1319 est
254 1310 268 1332 ‚
310 1289 454 1336 rupes
484 1274 724 1337 utrimque
753 1272 818 1320 ita
845 1270 1032 1319 abscisae
1070 1271 1176 1319 sunt
1206 1310 1220 1330 ‚
1267 1285 1321 1321 ut

37 1337 213 1404 despici
244 1342 325 1388 vix
352 1339 447 1388 fine
479 1342 719 1406 vertigine
744 1339 953 1405 quadam
976 1338 1112 1387 simul
1144 1340 1319 1387 oculo-

37 1423 143 1453 rum
177 1409 420 1473 animique
447 1406 587 1472 poffit
613 1426 625 1464 ς
661 1423 805 1456 terret
845 1408 896 1455 &
926 1406 1104 1456 sonitus
1128 1409 1180 1455 ἃ
1207 1408 1321 1455 alti-

38 1474 158 1523 tudo
189 1492 275 1540 per
296 1475 507 1523 mediam
530 1476 708 1523 vallem
733 1470 926 1523 fluentis
965 1474 1114 1523 Penei
1146 1478 1318 1524 amnis.

37 1539 132 1589 Hic
161 1542 295 1590 locus
325 1557 422 1590 tarn
447 1542 608 1607 suapte
634 1544 799 1590 natura
825 1539 1016 1589 infestus
1039 1581 1051 1600 ‚
1090 1559 1175 1608 per
1202 1561 1321 1605 qua-

37 1622 147 1657 tuor
167 1610 383 1659 distantia
409 1612 516 1658 loca
548 1609 770 1675 praesidiis
802 1612 943 1675 regiis
977 1609 1065 1658 fuit
1090 1609 1281 1658 infessus
1304 1627 1319 1659 ι

37 1680 260 1726 nnumin
291 1680 449 1743 primo
486 1678 617 1725 aditu
645 1678 706 1726 ad
743 1676 982 1727 Gonnum
1018 1693 1115 1726 erat
1143 1696 1151 1724 :
1191 1678 1319 1726 alte-

37 1762 141 1792 rum
190 1746 250 1794 ad
292 1745 570 1811 Condylon
621 1763 647 1792 2
692 1744 883 1794 castello
923 1745 1322 1811 inexpugnabili:

38 1814 229 1860 tertium
272 1815 394 1861 circa
431 1813 767 1878 Lapathunta,
803 1829 951 1879 quem
981 1812 1199 1861 Characa
1224 1832 1320 1878 ap—
1385 1856 1388 1859 .

37 1880 221 1945 pellant
247 1899 256 1928 :
295 1897 517 1947 quartum
540 1919 554 1940 ‚
587 1884 676 1929 viae
706 1879 821 1947 ipsi,
855 1880 952 1946 qua
986 1881 1233 1930 &media
1267 1881 1319 1929 &

39 1947 350 2014 angustiffima
389 1950 524 1997 vailis
555 1947 655 2007 est,
694 1948 1012 2014 impositum3
1053 1965 1199 2013 quam
1236 1948 1318 1997 vel

18 2015 209 2064 'decem
245 2019 437 2064 armatis
469 2019 591 2065 tueri
624 2016 763 2064 facile
796 2015 879 2064 est.
923 2014 1187 2064 Intercluso
1228 2034 1316 2081 per

37 2080 229 2151 Tempe
254 2083 389 2132 fimul
414 2084 543 2133 aditu
568 2084 916 2133 commeatibus
935 2121 950 2144 ‚
972 2082 1108 2132 simul
1129 2083 1317 2145 reditu3

43 2214 273 2255 tiffimorum
293 2216 470 2255 virorum
501 2215 539 2254 in
569 2230 648 2267 pu-
712 2215 838 2255 Cert'e
856 2215 900 2254 iis
928 2215 1025 2255 nihil
1043 2215 1106 2255 hic
1123 2215 1176 2255 est
1200 2229 1318 2268 opus,

41 2290 116 2333 gna
143 2278 191 2317 ad
224 2277 446 2319 Granicum
490 2277 649 2318 occiso·
776 2276 1196 2332 2Praererang12stias]
1215 2276 1319 2317 Prae-

39 2352 142 2378 rum.
712 2349 893 2391 terquam
931 2335 1037 2392 quod
1070 2338 1226 2393 angusta
1255 2339 1320 2378 via

105 2399 280 2453 INeque
311 2412 486 2454 receptus
508 2400 650 2439 Roma·
715 2400 767 2440 est
815 2414 885 2452 per
937 2401 1112 2452 quinque
1161 2399 1279 2439 millia
1302 2431 1316 2450 ‚

45 2459 103 2499 m's
132 2475 205 2513 per
246 2460 386 2514 Tempe
424 2462 462 2500 in
496 2460 646 2514 Theffa-
711 2461 814 2501 adeo
861 2471 904 2499 ut
948 2461 1132 2514 exiguum
1175 2460 1318 2501 onusto

42 2520 169 2574 liam]
214 2521 402 2572 Quatuor
441 2524 649 2575 postremae
711 2522 894 2576 jumento
912 2520 1323 2575 iterfit,utrimque...

42 2595 167 2621 voces
200 2583 390 2624 videntur
418 2585 494 2622 huc
529 2584 650 2622 immi·
776 2597 801 2621 2
853 2582 1023 2631 castello
1052 2585 1068 2634 ἶ
1130 2583 1320 2637 Intellige

42 2642 164 2698 grasse
197 2657 219 2684 e
253 2643 365 2686 sexto
393 2644 486 2686 ante
515 2646 648 2687 versu,
715 2659 794 2683 crim
809 2643 1064 2694 castell0,ve1
1084 2644 1123 2685 in
1139 2644 1321 2696 castello,

922 2699 1046 2766 (ἓν
