1670 3068
381 91 741 147 LIBER
837 91 998 148 XL.
1202 112 1310 169 119

37 191 169 241 quum
188 172 235 221 in
259 173 408 219 eadem
440 190 557 219 nave
568 168 717 233 secum
742 168 853 234 ficos
879 189 1028 218 omnes
1056 171 1306 235 habuiffiet,
1326 191 1515 239 Urs-⁷1.

31 237 278 308 praecepffl
312 239 461 285 liberis
507 241 748 296 diceretur,
787 253 839 286 ut
878 238 922 285 6³
966 238 1053 303 ipsi
1086 239 1308 301 memim'fi
1335 245 1514 288 LCASI.

26 308 160 374 ant,
200 309 242 356 δ’
268 309 333 354 ita
355 307 542 371 posteris
568 307 802 371 proderent
820 343 834 364 ‚
863 324 918 353 ne
949 308 1052 370 quis
1087 323 1186 352 cum
1207 321 1303 353 tom

31 390 158 444 gente
196 373 335 438 fimul
371 375 420 421 in
456 374 578 421 rebus
627 373 778 420 dubiis
822 374 1074 439 periclitari
1112 375 1304 422 auderet.

39 446 275 492 Asemorem
307 460 350 487 er
379 459 402 487 o
420 438 471 503 fi’
496 442 706 506 praecepti
727 438 852 506 ejus,
883 442 997 488 duos
1018 441 1160 504 simul
1173 441 1310 504 filios

12 528 125 558 .n0n
161 511 318 556 commi
360 506 485 556 iarum
514 510 562 555 in
595 510 742 555 aleam
781 506 912 573 ejus,
949 510 1028 574 qui
1052 526 1313 573 proponere-

35 592 146 634 tur,
188 574 319 639 castis
358 595 371 624 .·
416 576 459 623 δ’
503 578 717 640 quoniam
749 574 954 641 majorem
986 576 1140 639 filium
1162 574 1314 639 fecum

34 646 237 701 duceret,
274 645 515 701 minorem,
550 645 615 689 ad
637 642 840 706 fichstdia
861 641 961 708 spei
990 644 1034 690 δ’
1061 645 1305 708 custodiam

35 708 152 778 regni
168 749 184 769 ‚
219 707 483 773 renzzJffitrum
512 712 561 757 in
592 712 917 757 Macedoniam
947 709 1042 774 effe.
1079 711 1195 758 Non
1224 709 1314 758 fal-

35 779 162 828 lebat
191 776 493 826 Demetrium
523 778 729 843 ablegari
761 776 805 825 se
826 815 840 838 ‚
871 794 931 825 ne
952 775 1128 826 adesset
1152 776 1315 826 confi-

36 846 134 905 lio,
166 863 313 912 quum
345 848 391 893 in
424 844 680 910 conspefiu
726 845 950 893 locorum
988 844 1314 906 consultaret,

38 931 140 980 quae
172 914 392 978 proxime
415 914 584 962 itinera
608 913 667 960 ad
691 930 821 961 mare
847 914 1149 961 Adriaticum
1169 928 1316 979 atque

37 980 220 1029 Italiam
248 981 477 1029 ducerent
505 1018 517 1038 ‚
557 997 757 1046 quaeque
791 981 903 1030 belli
936 983 1057 1030 ratio
1095 979 1210 1029 esset
1241 980 1317 1029 fu·

39 1063 139 1097 tura
162 1066 176 1108 ;
207 1047 287 1096 sed
312 1066 412 1096 non
444 1047 596 1096 solum
623 1049 888 1113 parendum
916 1051 1036 1114 patri
1059 1062 1158 1096 tum
1179 1087 1193 1108 ‚
1231 1048 1315 1098 sed

37 1118 181 1165 etiam
214 1114 558 1165 assentiendum
602 1131 703 1165 erat
733 1154 750 1174 ,
802 1133 863 1165 ne
905 1118 1110 1165 invitum
1148 1133 1316 1182 parere

35 1183 348 1250 suspicionem
382 1183 578 1232 faceret.
613 1183 684 1231 Ut
713 1198 876 1233 tamen
906 1186 994 1233 iter
1019 1187 1062 1232 ei
1092 1199 1247 1233 tutum
1268 1187 1318 1233 in

39 1251 380 1301 Macedoniam
414 1250 528 1300 esset
547 1289 561 1312 ‚
601 1250 758 1300 Didas
782 1269 841 1301 ex
866 1252 1150 1318 praetoribus
1173 1254 1317 1318 regiis

39 1336 188 1378 unus,
223 1322 301 1385 qui
335 1318 540 1369 Paeoniae
588 1334 791 1386 praeerat
814 1357 828 1380 ‚
893 1318 1034 1383 jussus
1066 1319 1131 1368 est
1158 1320 1318 1386 prose-

40 1389 118 1453 qui
158 1404 268 1436 eum
308 1405 418 1436 cum
449 1387 649 1437 modico
684 1387 914 1453 praesidio.
949 1388 1093 1436 Hunc
1118 1404 1316 1454 quoque

41 1454 234 1504 Perseus
263 1493 276 1516 ,
315 1455 430 1504 ficut
463 1455 717 1522 plerosque
749 1457 894 1522 patris
928 1459 1221 1516 amicorum,
1258 1473 1320 1504 ex

42 1540 138 1590 quo
167 1524 291 1572 haud
329 1524 527 1572 dubium
564 1526 787 1590 cuiquam
820 1522 913 1572 effe
950 1538 1165 1589 coeperat
1195 1560 1209 1582 ,
1258 1523 1321 1572 ad

40 1608 186 1657 quem
227 1628 241 1650 ‚
292 1593 355 1639 ita
396 1592 624 1639 inclinato
672 1593 796 1657 regis
840 1592 1038 1650 animo,
1068 1590 1320 1640 haereditas

44 1661 178 1725 regni
205 1661 491 1723 pertineret,
512 1661 635 1708 inter
657 1656 934 1721 conjuratos
958 1661 1006 1707 in
1033 1658 1186 1707 fratris
1208 1675 1323 1723 per-

10 1743 11 1746 *
46 1728 216 1774 niciem
255 1726 456 1785 habuit3
497 1729 544 1774 in
581 1725 827 1792 praesentia
859 1726 940 1775 dat
980 1728 1024 1776 ei
1056 1726 1281 1775 mandata
1305 1763 1322 1786 ,

46 1809 97 1842 ut
128 1811 214 1860 per
243 1811 387 1843 omne
420 1793 700 1860 obsequium
729 1793 982 1843 insinuaret
1018 1793 1063 1843 se
1101 1797 1146 1843 in
1178 1794 1324 1860 quem

49 1862 255 1910 maxime
299 1861 581 1912 familiarem
626 1862 758 1910 usum
789 1899 804 1922 ,
855 1878 906 1910 ut
944 1862 1118 1912 elicere
1161 1864 1326 1912 omnia

51 1948 219 1978 arcana
240 1967 253 1988 ‚
289 1929 615 1997 specularique
636 1931 824 1979 abditos
855 1928 957 1994 ejus
983 1929 1138 1979 sensus
1167 1929 1326 1995 possit.

51 1996 123 2046 Ita
165 1998 423 2064 digreditur
458 1998 770 2057 Demetrius,
804 2015 913 2047 cum
952 1997 1273 2048 infestioribus
1309 2035 1327 2062 ,

52 2064 194 2132 quem
221 2065 254 2113 fi
285 2066 407 2114 solus
430 2068 517 2115 iret
541 2104 555 2126 ,
582 2065 824 2132 praefidiis.

122 2131 282 2181 XXII.
314 2133 558 2199 Philippus
597 2134 855 2182 Maedicam
876 2133 1118 2198 primum,
1145 2133 1324 2183 deinde

54 2199 329 2249 solitudines
356 2201 691 2265 interjacentes
721 2201 942 2249 Maedicae
969 2215 1112 2266 atque
1141 2200 1322 2251 Haemo

57 2267 352 2334 transgressus
369 2306 383 2329 ‚
409 2268 620 2335 septimis
652 2270 850 2319 demum
870 2267 1023 2316 castris
1048 2269 1107 2316 ad
1138 2269 1325 2317 radices

58 2337 237 2382 montis
269 2339 488 2399 pervenit
521 2355 534 2398 3
578 2338 643 2386 ibi
671 2355 818 2385 unum
848 2352 1059 2386 moratus
1092 2336 1222 2385 diem
1261 2336 1324 2384 ad

48 2402 375 2469 deligendos,
402 2422 521 2471 quos
551 2405 749 2455 duceret
787 2404 943 2453 secum
963 2443 980 2463 ‚
1005 2420 1036 2466 7
1069 2407 1211 2454 tertio
1246 2404 1324 2454 die

120 2509 145 2547 7
168 2495 300 2536 Tertio
332 2497 393 2537 die
420 2499 495 2538 iter
524 2499 574 2549 est
599 2499 655 2539 ὶη-
719 2509 862 2541 nerat,
897 2498 975 2538 die.
1002 2497 1155 2537 Primus
1189 2510 1330 2538 nume-

59 2555 229 2611 greffus]
262 2558 407 2598 Tertio
426 2588 435 2607 ,
454 2559 657 2614 postquam
721 2570 830 2601 ratur
861 2559 892 2600 is
920 2558 1001 2611 ipse
1024 2559 1110 2598 dies
1130 2573 1208 2611 quo
1232 2571 1325 2612 per-

61 2618 115 2659 ad
142 2620 292 2663 radices
331 2621 475 2664 montis
513 2635 661 2678 perve·
722 2632 887 2665 ventum
904 2620 957 2663 est
976 2620 1024 2662 ad
1042 2632 1233 2665 montem.
1250 2619 1328 2664 Se-
