1670 3068
153 152 158 153 ff
378 93 424 148 L
470 113 493 148 1
539 108 574 147 B
622 108 654 147 Ε
701 109 739 149 a
842 88 900 148 X
934 92 999 148 L.
1197 114 1297 173 123

25 171 247 222 {nn-oxius
279 171 559 221 adolescens
586 210 599 230 ‚
646 189 795 237 quum
837 173 883 220 in
921 189 983 220 eo
1021 190 1080 222 ne
1105 173 1509 241 {impliciU.c.571.

31 241 227 307 quidem
249 256 425 307 genere
446 242 614 289 mortis
637 242 854 290 contenti
880 242 1059 289 inimici
1080 242 1267 293 fuiffent
1288 283 1303 307 ‚
1321 246 1508 290 a.c.151.

30 306 323 357 interficitur.

99 373 264 425 XXV.
306 375 442 425 Dum
485 374 584 423 haec
613 375 660 423 in
696 373 990 425 Macedonia
1031 392 1299 444 geruntur,
1360 378 1511 448 ‘Res-in

33 442 91 492 L.
123 444 340 492 AEmilius
383 442 571 491 Pauiius
602 482 616 504 ‚
651 459 917 510 prorogato
955 461 1014 493 ex
1053 446 1299 497 consulatu
1317 438 1479 514 ngybza

30 512 234 576 imperio
261 549 275 572 ,
307 512 544 578 principio
577 516 702 560 veris
741 514 788 559 in
822 512 1019 578 Ligures
1058 513 1442 581 Ingaunosgffstae·

30 581 293 628 exercitum
325 580 604 628 introduxit.
634 579 735 628 Ubi
768 583 978 645 primum
1017 582 1066 630 in
1098 582 1305 633 hostium

30 643 204 695 finibus
234 646 379 696 castra
410 647 604 713 posuit,
643 648 784 713 legati
806 648 866 695 ad
897 665 1041 709 eum,
1077 668 1164 715 per
1198 653 1311 718 spe-

31 715 155 762 ciem
190 718 318 780 pacis
367 715 589 779 petendae
621 751 636 774 ,
688 715 983 780 speculatum
1023 735 1265 770 venerunt
1297 738 1314 780 ;

31 798 236 848 negante
278 782 444 831 Paullo
477 820 491 841 ‚
535 781 620 830 nisi
664 800 772 830 cum
828 784 999 832 deditis
1041 786 1211 852 pacisci
1264 788 1310 838 se

31 867 201 916 pacem
222 889 235 911 ‚
265 868 362 899 non
382 850 547 898 tamid
568 850 884 912 recusabant,
915 852 1059 917 quam
1083 870 1310 922 tempore

31 935 154 982 opus
186 916 278 967 effe
307 919 499 967 aiebant
523 956 536 978 ,
577 932 628 967 ut
658 922 822 987 generi
857 919 1024 986 agresti
1057 922 1311 992 hominum

29 984 426 1051 persuaderetur3
461 987 520 1035 ad
556 987 651 1034 hoc
687 988 854 1037 decem
886 990 1072 1038 dierum
1105 993 1312 1042 induciae

31 1070 182 1120 quum
221 1054 448 1102 darentur
479 1092 494 1115 ‚
538 1057 782 1120 petierunt
819 1057 995 1107 deinde
1020 1097 1034 1116 ‚
1076 1063 1152 1108 Ne
1186 1076 1312 1110 trans

35 1136 204 1170 montes
232 1124 473 1188 proximos
504 1125 657 1190 castris
690 1125 963 1190 pabulatum
1002 1128 1312 1194 lignatumque

35 1190 203 1237 milites
231 1193 342 1239 irent
364 1210 385 1250 ‚·
428 1191 552 1238 culta
585 1210 637 1238 ea
676 1193 779 1240 loca
804 1192 988 1256 filorum
1010 1197 1178 1258 finium
1214 1196 1309 1260 ff.

29 1254 90 1305 Id
121 1258 202 1305 ubi
239 1260 565 1324 impetravere
590 1297 604 1318 ‚
646 1259 755 1326 post
791 1279 877 1309 eos
915 1261 1041 1328 ipsos
1083 1279 1312 1326 montes,

31 1324 159 1374 unde
181 1342 449 1375 averterant
468 1325 653 1376 hostem
671 1366 685 1388 ‚
717 1331 928 1378 exercitu
948 1333 1080 1378 omni
1106 1333 1272 1382 coacio
1291 1372 1310 1393 ,

30 1395 230 1459 repente
255 1395 562 1444 multitudine
586 1397 770 1463 ingenti
793 1397 941 1446 castra
967 1397 1308 1452 Romanorum

30 1479 313 1528 oppugnare
342 1461 476 1511 simul
507 1467 733 1513 omnibus
762 1468 914 1531 portis
948 1467 1149 1534 aggressi
1183 1469 1305 1520 sunt.

29 1528 229 1578 Summa
265 1533 314 1578 vi
346 1546 375 1592 9
400 1545 557 1579 totum
588 1550 735 1580 unum
771 1535 899 1582 diem
935 1553 1299 1603 oppugnarunt:
1375 1549 1515 1606 Oppu.

29 1599 96 1645 ita
121 1612 172 1645 ut
202 1614 263 1646 ne
292 1597 521 1647 efferendi
546 1600 741 1664 quidem
775 1600 904 1668 signa
927 1602 1162 1653 Romanis
1194 1607 1300 1671 spa·
1314 1626 1487 1667 gnatum

28 1667 182 1724 tium,
218 1684 310 1715 nec
348 1668 407 1714 ad
445 1669 779 1733 explicandam
811 1672 964 1719 aciem
995 1672 1131 1721 locus
1167 1673 1339 1725 ess'et.a
1367 1675 1491 1730 Liga-

31 1731 255 1790 Conferti
279 1736 327 1783 in
358 1737 507 1800 portis
543 1736 780 1787 obstando
814 1742 966 1806 magis
986 1777 1001 1800 ,
1034 1741 1179 1807 quam
1210 1763 1300 1805 pu-
1317 1736 1510 1805 Γῑῖἶαξίῖ·

30 1802 225 1868 gnando
267 1802 413 1851 castra
457 1804 751 1855 tutabantur.
793 1805 892 1855 Sub
927 1809 1145 1857 occasum
1189 1811 1298 1861 solis
1314 1798 1415 1839 ''⁷²3²'‘
1442 1813 1510 1838 “¹“

30 1887 178 1933 quum
209 1869 494 1921 recessissent
528 1872 685 1921 hostes
709 1912 723 1934 ,
754 1874 876 1923 duos
901 1879 1088 1943 equites
1113 1879 1173 1927 ad
1206 1862 1411 1932 Cnstra.

30 1934 242 1986 Baebium
267 1939 606 2005 proconsulem
632 1960 741 1990 cum
772 1942 939 1997 litteris
972 1945 1096 1994 Pisas
1119 1951 1264 1998 mittit
1287 1987 1302 2010 ,

28 2019 80 2053 ut
100 2005 283 2056 obsesso
305 2007 389 2056 fibi
414 2025 500 2073 per
520 2010 732 2060 inducias
763 2014 1118 2076 quamprimum
1153 2015 1304 2066 subfi-

33 2073 112 2122 dio
130 2077 334 2124 venir'et.
362 2076 548 2125 Baebius
567 2080 827 2128 exercitum
858 2080 931 2129 M.
952 2080 1141 2131 Pinario
1173 2102 1304 2149 prae-

29 2143 124 2189 tori
154 2145 285 2192 eunti
313 2146 360 2191 in
392 2143 656 2194 Sardiniam
689 2147 981 2209 tradiderat3
1013 2154 1226 2200 ceterum
1249 2155 1302 2203 &

29 2208 244 2258 senatum
295 2212 461 2261 litteris
504 2216 764 2264 certiorem
819 2216 935 2265 fecit
970 2256 984 2276 .,
1028 2219 1234 2268 obfideri
1274 2241 1302 2270 a

32 2275 282 2341 Liguribus
311 2277 365 2327 L.
395 2280 638 2331 AEmilium
669 2301 682 2343 3
725 2284 775 2332 &
804 2284 879 2333 Μ.
918 2283 1128 2335 Claudio
1169 2288 1303 2337 Mar-

31 2345 154 2394 cello
189 2383 203 2405 ,
245 2345 376 2411 cujus
416 2352 634 2414 proxima
684 2352 796 2400 inde
849 2357 1099 2417 provincia
1149 2373 1250 2404 erat
1286 2396 1302 2418 ‚

25 2411 232 2477 scripsit,
266 2431 316 2462 ut
347 2415 378 2462 s1
401 2417 645 2467 videretur
663 2422 707 2468 ei
728 2457 739 2475 ‚
772 2423 1032 2470 exercitum
1060 2439 1118 2472 ex
1143 2422 1306 2474 Gallia·

28 2481 297 2530 traduceret
322 2485 369 2530 in
403 2483 598 2550 Ligures
625 2524 639 2546 ‚
665 2489 711 2535 3<
735 2487 787 2537 L.
807 2488 1052 2538 AEmilium
1086 2491 1304 2543 liberaret

34 2547 298 2599 obsidione.
331 2551 448 2600 Haec
470 2551 569 2602 sera
589 2554 746 2604 futura
768 2558 938 2605 auxilia
964 2574 1114 2608 erant.
1151 2559 1302 2628 Ligu-

93 2638 119 2680 9
161 2627 300 2672 Totum
336 2647 450 2674 unum
493 2637 631 2690 diem]
668 2638 777 2680 Deie
803 2653 948 2681 vocem
978 2655 1107 2684 mmm.

915 2697 1019 2765 Ρη
