1670 3068
285 107 640 164 LrssER
723 99 1102 159 XXXIX.
1273 100 1372 179 ’ἐς

70 184 246 236 cedere
291 185 498 235 Thracia
532 223 546 244 ‚
597 181 909 250 praesidiaque
957 182 1201 231 deducere
1229 220 1244 242 ‚
1298 185 1555 246 &TI-0569*

69 255 193 316 alia,
229 272 309 304 aut
346 272 406 303 ex
450 253 648 302 decreto
691 254 904 316 priorum
940 249 1247 315 legatorum,
1271 266 1353 300 aut
1370 250 1558 302 acas}-

71 337 132 370 ex
153 342 283 372 nova
314 320 654 371 constitutione
677 317 890 377 senatus,
916 316 1094 366 facere.
1118 316 1215 366 Sed
1239 336 1353 367 om·
1379 337 1383 340 ·

68 391 146 439 nia
178 408 390 439 moerens
427 389 626 455 quidem
666 388 717 436 ὃ(
763 402 964 454 gemens
1004 384 1107 450 (eo
1151 388 1304 450 magis
1334 424 1352 445 ,

68 459 201 522 quod
251 458 400 507 filium
446 457 826 523 frequentiorem
869 470 1026 520 prope
1074 470 1184 500 cum
1228 454 1353 513 iliis,

67 526 212 590 quam
237 526 398 576 secum
431 528 660 575 cernebat
693 541 707 582 ;
735 524 755 590 )
797 538 818 588 3
863 520 1154 570 obedienter
1188 535 1355 569 tamen

67 594 298 644 adversus
327 595 577 644 Romanos
605 592 841 650 faciebat,
869 606 930 638 ne
949 606 1094 656 quam
1116 589 1355 638 movendi

69 665 319 731 extemplo
352 663 468 710 belli
513 660 697 709 causam
733 658 988 725 praeberet.
1037 657 1351 706 Avertendos

69 733 215 780 etiam
246 732 430 779 animos
466 747 491 777 a
528 726 792 794 suspicione
831 726 996 774 talium
1037 724 1350 774 consiliorum

69 814 195 848 ratus
217 837 230 859 ‚
276 797 486 847 mediam
538 798 586 844 in
633 794 893 844 Thraciam
947 796 1211 841 exercitum
1239 829 1252 853 ‚
1298 795 1350 842 in

70 864 289 933 Odrysas
309 903 323 926 ‚
342 865 393 914 &
419 863 738 913 Dantheletas
754 900 768 922 ,
798 864 852 911 δι
875 860 1039 910 Bessos
1060 861 1207 910 duxit.
1228 860 1349 909 Phi-

48 933 342 999 ‘lippopolin
369 933 539 981 urbem
559 931 673 998 fuga
698 930 934 980 desertam
953 930 1310 996 oppidanorum
1331 967 1350 989 ,

66 1004 149 1068 qui
175 1003 222 1049 in
251 1003 470 1067 proxima
503 1002 741 1049 montium
760 998 872 1067 juga
911 1015 1019 1046 cum
1044 997 1232 1046 familiis
1267 1015 1352 1047 re·-

70 1083 299 1136 ceperant
337 1068 463 1129 sese,
492 1066 1051 1134 cepitzcampestresque
1079 1068 1350 1129 barbaros,

69 1137 391 1204 depopulatus
428 1154 568 1203 agros
601 1153 770 1185 eorum
793 1174 807 1195 ‚
850 1139 896 1184 in
920 1135 1233 1199 deditionem
1264 1153 1351 1183 ac-

70 1208 200 1272 cepit
231 1224 244 1266 3
274 1205 440 1255 reli6lo
476 1205 588 1253 inde
611 1205 671 1253 ad
701 1204 1064 1271 Philippopolin
1096 1202 1350 1270 praesidio,

71 1274 203 1341 quod
239 1274 365 1322 haud
402 1275 558 1322 multo
605 1272 710 1338 post
746 1274 804 1322 ab
851 1271 1059 1339 Odrysis
1101 1271 1351 1337 expulsum

71 1341 169 1403 est,
212 1342 452 1409 oppidum
500 1344 547 1390 in
584 1340 846 1407 Deuriopo
880 1340 1093 1390 condere
1138 1339 1355 1395 instituit.

68 1409 275 1460 Paeoniae
297 1429 355 1460 ea
373 1412 507 1477 regio
546 1408 612 1459 est
647 1427 803 1476 prope
826 1408 1091 1477 Erigonum
1116 1409 1316 1456 fluvium
1334 1445 1357 1468 ,

70 1480 154 1546 qui
184 1497 244 1528 ex
275 1476 474 1545 Illyrico
497 1496 583 1544 per
601 1477 846 1527 Paeoniam
873 1478 1026 1526 fluens
1047 1515 1062 1537 ,
1092 1479 1139 1524 in
1168 1476 1352 1524 Axium

68 1563 263 1596 amnem
295 1548 467 1596 editur.
495 1546 639 1594 Haud
662 1546 830 1612 procul
848 1544 1009 1594 Stobis
1028 1582 1042 1604 ‚
1067 1561 1238 1592 vetere
1268 1563 1353 1591 ur-

69 1615 164 1675 be,
199 1633 380 1664 novam
422 1615 590 1662 urbem
616 1612 835 1663 Perseida
856 1651 870 1673 ‚
899 1629 950 1661 ut
978 1616 1015 1660 is
1049 1611 1151 1661 filio
1176 1610 1353 1677 majori

68 1682 321 1732 haberetur
350 1683 508 1730 honos
534 1720 548 1742 ,
583 1682 812 1747 appellari
842 1680 984 1745 jussit.

136 1750 270 1799 LIV.
306 1749 442 1800 Dum
480 1751 579 1798 haec
628 1752 678 1798 in
725 1749 1021 1799 Macedonia
1060 1761 1292 1815 geruntur
1330 1785 1346 1808 ‚

68 1819 284 1868 consules
311 1821 359 1867 in
388 1818 666 1885 provincias
686 1816 907 1884 proseffl.
929 1817 1192 1866 Marcellus
1223 1835 1349 1866 nun-

67 1890 186 1936 tium
221 1886 442 1954 praemifit
466 1887 527 1935 ad
554 1885 611 1934 L.
634 1886 855 1935 Porcium
892 1884 1263 1953 proconsulem,
1295 1900 1342 1933 ut
1362 1889 1412 1932 In
1433 1888 1567 1934 anes-

66 1955 126 2004 ad
153 1974 336 2005 novum
361 1954 621 2005 Gallorum
646 1955 883 2022 oppidum
917 1955 1137 2021 legiones
1171 1954 1345 2002 admo—
1362 1956 1419 1994 tia
1441 1953 1557 1993 Galli

67 2039 223 2073 verer.
272 2023 574 2073 Advenienti
611 2023 792 2072 consuli
834 2020 967 2071 Galli
1007 2021 1100 2072 sese
1140 2014 1569 2083 dedide‚sedcfinfm

66 2107 208 2141 runt:
237 2092 498 2141 duodecim
527 2092 673 2140 millia
696 2106 989 2140 armatorum
1008 2105 1176 2151 erant3
1201 2091 1348 2156 pleri—
1365 2077 1543 2132 conjuba-

70 2177 163 2226 que
195 2178 325 2208 arma
351 2177 410 2208 ex
434 2161 568 2226 aegris
589 2176 724 2226 rapta
741 2159 1018 2217 habebant3
1045 2177 1101 2207 ea
1121 2161 1245 2226 aegre
1267 2178 1353 2225 pa-

71 2229 295 2277 tientibus
325 2230 377 2276 iis
414 2227 674 2294 adempta,
701 2245 905 2296 quaeque
945 2228 1034 2276 alia
1074 2241 1154 2275 aut
1188 2246 1354 2294 popu-

72 2296 227 2344 lantes
261 2313 399 2362 agros
424 2311 711 2361 rapuerant,
746 2312 824 2345 aut
855 2294 1018 2346 secum
1050 2297 1305 2344 attulerant
1337 2313 1355 2355 ;

73 2364 134 2413 de
172 2364 243 2412 his
277 2365 415 2413 rebus
444 2366 526 2430 qui
553 2380 870 2429 quererentur
889 2402 903 2425 ‚
930 2364 1116 2432 legatos
1143 2363 1363 2412 Romam>

70 2431 316 2481 miserunt.
355 2431 614 2481 Introduffi
655 2435 702 2482 in
740 2433 956 2483 senatum
991 2428 1021 2481 'a
1057 2430 1118 2481 C.
1156 2432 1358 2481 Valerio

70 2515 280 2566 praetore
312 2499 667 2566 exposuerunt,
697 2504 793 2561 Se,
826 2500 1063 2568 fizpenmae
1096 2502 1143 2548 in
1190 2501 1368 2548 Gallias

138 2588 473 2640 30bedienrera„
501 2590 695 2628 adversas
748 2590 933 2642 praebens
972 2588 1248 2632 Romanorum
1286 2587 1371 2628 imo

75 2649 315 2706 Romanos]
344 2651 619 2694 obedientem
645 2650 694 2692 ses*
748 2651 897 2707 petiis..

951 2706 1101 2774 Datis
