1670 3068
356 96 713 152 LIBER
807 94 1062 153 XLII.
1231 59 1346 170 269

67 176 119 227 in
165 175 343 225 eodem
384 174 502 224 statu
559 174 799 224 mansuras
845 192 920 224 res
947 210 973 232 ,,
1013 190 1172 239 neque
1222 177 1345 224 ultra
1366 185 1557 235 U.c.581.

66 243 328 311 quidquam
358 243 688 302 movendum3
723 260 821 291 non
846 245 975 291 enim
1004 241 1216 306 passuros
1238 242 1342 290 Ro·
1365 241 1556 291 {Ml-17⁵·

52 328 235 373 ‘manos
263 313 363 359 vim
399 309 869 378 Carthaginiensibus
901 307 1057 358 afferri
1087 326 1097 356 z
1127 308 1160 356 s1
1187 309 1343 358 fraPtae

55 376 215 428 —essent
244 395 364 444 opes
385 377 719 427 Romanorum
742 416 756 438 ,
781 396 885 457 qu}
904 394 1005 426 tum
1027 390 1345 444 protegerent

65 443 478 512 Carthaginienses
502 483 516 506 ‚
558 445 688 495 suam
724 462 922 495 omnem
957 443 1173 493 Africam
1216 443 1343 494 fore.

53 511 274 562 'Gentius
306 530 391 562 rex
424 513 705 580 Illyriorum
735 514 915 562 fecerat
941 514 1102 580 potius
1147 529 1229 560 cur
1263 511 1343 560 su·-

59 578 244 646 ‘spefilus
284 579 398 629 effet
443 581 675 630 Romanis
712 619 726 640 ‚
780 582 925 647 quarn
966 580 1071 629 satis
1117 578 1343 629 statuerat

52 659 217 696 'utram
250 648 441 698 foveret
459 665 645 715 partem
669 665 683 708 3
714 652 998 714 impetuque
1021 649 1171 714 magis
1190 647 1337 714 quam

54 714 258 765 'confilio
280 755 294 777 ,
333 718 403 765 his
427 732 505 765 aut
532 717 621 765 illis
652 716 698 766 se
732 715 1035 779 adjunffilurus
1066 716 1338 765 videbatur.

61 781 225 849 Cotys
241 783 406 833 Thrax
424 822 436 843 ‚
468 783 771 850 Odrysarum
797 801 881 834 rex
900 821 914 845 ,
945 783 1199 835 evidenter
1221 783 1341 832 Ma·-

23 863 32 866 ’
60 851 304 900 cedonurn
334 855 477 917 partis
506 867 623 901 erat.

128 918 292 969 XXX.
320 920 438 968 Haec
462 920 692 969 sententia
724 918 919 986 regibus
952 936 1098 985 quum
1131 917 1245 968 esset
1274 919 1334 969 de
1377 913 1475 971 Quis
1498 917 1551 955 li·

56 985 189 1036 bello
213 1024 227 1047 ‚
265 991 313 1036 in
345 989 502 1037 liberis
541 988 762 1054 gentibus
796 987 1080 1053 populisque
1128 1004 1153 1035 2
1193 988 1332 1053 plebs
1355 975 1529 1045 bf‘'}²¹“¹'⁷¹'¹

57 1057 220 1120 utique
260 1059 416 1104 omnis
449 1055 601 1104 ferme
622 1094 635 1114 ‚
669 1071 719 1103 ut
753 1055 871 1104 solet
893 1093 907 1115 ,
950 1071 970 1120 3
1013 1057 1332 1104 deterioribus
1354 1051 1498 1077 cmm-

57 1137 156 1171 erat
177 1123 242 1171 ob
261 1141 426 1189 regern
448 1123 841 1190 Macedonasque
874 1127 1116 1172 inclinata.
1147 1122 1334 1172 Princi-
1355 1111 1451 1140 ‘²⁰⁷²'

38 1202 172 1256 pum
201 1190 379 1243 diversa
422 1209 645 1241 cerneres
688 1191 871 1251 studia3
908 1209 1014 1258 pars
1054 1194 1116 1239 ita
1144 1193 1191 1240 in
1232 1193 1338 1247 Ro-

56 1273 226 1308 manos
259 1258 389 1309 effusi
413 1275 546 1308 erant
573 1298 587 1319 ‚
614 1276 667 1309 ut
701 1258 1032 1309 a115loritatem
1067 1261 1337 1310 immodico

55 1323 226 1375 favore
258 1343 659 1393 corrumperent3
696 1330 837 1393 pauci
866 1344 925 1377 ex
960 1330 1013 1375 iis
1047 1326 1213 1391 justitia
1240 1331 1340 1376 im·—

54 1393 416 1460 perii'Romani
452 1401 616 1461 capti3
653 1397 844 1462 plures,
881 1398 945 1443 ita
980 1395 1012 1443 fi
1045 1398 1343 1460 praecipuam

54 1478 259 1527 operam
297 1462 541 1514 navatl‘em
565 1501 580 1522 ‚
616 1480 844 1529 potentes
873 1462 968 1513 sese
994 1465 1041 1512 in
1066 1465 1342 1513 civitatibus

36 1527 145 1578 'suis
175 1529 363 1580 futuros
398 1534 501 1580 rati.
549 1529 660 1580 Pars
698 1531 844 1582 altera
875 1534 1017 1597 regiae
1049 1532 1340 1581 adulationis

54 1613 155 1646 erat
180 1636 194 1658 ‚
234 1617 356 1666 quos
391 1618 452 1649 aes
488 1600 694 1648 alienum
719 1638 732 1660 ,
777 1601 830 1649 &
867 1600 1141 1666 desperatio
1179 1618 1340 1649 rerum

51 1664 239 1715 suarum
273 1669 452 1717 eodem
496 1682 722 1718 manente
762 1666 882 1717 statu
908 1707 921 1728 ‚
974 1670 1244 1734 praecipites
1279 1670 1341 1717 ad

51 1734 279 1784 novanda
298 1738 460 1786 omnia
479 1737 653 1803 agebat
674 1754 688 1795 3
720 1736 954 1804 quosdam
985 1735 1237 1785 ventosum
1263 1740 1338 1784 in·

51 1804 249 1869 genium
274 1841 288 1864 ,
320 1806 429 1871 quia
462 1823 495 1865 4
530 1804 724 1854 Perseus
766 1808 916 1873 magis
944 1821 1065 1853 aurae
1095 1807 1340 1871 popularis

116 1901 141 1928 2
179 1888 299 1929 Plebs
341 1891 471 1946 utique
503 1892 657 1944 omnis]
726 1894 843 1946 quale
865 1891 960 1933 esset
981 1892 1124 1947 favens
1148 1894 1339 1953 :plebs-u

54 1947 250 2003 Quaedam
282 1952 482 1994 editiones
512 1954 660 1994 habent

6 2065 11 2069 ῃ
51 2011 203 2066 ubique.
225 2013 305 2054 Sed
340 2016 482 2056 melius
499 2015 660 2055 videtur

47 2074 98 2120 τὶ
119 2082 268 2136 utique.
289 2081 410 2124 Plebs
432 2083 561 2138 utique
577 2099 660 2123 om·

44 2140 138 2191 uis,
165 2143 205 2184 id
237 2143 318 2190 est,
352 2145 464 2199 plebs
498 2146 656 2199 quidem

50 2202 162 2245 certe
182 2207 308 2246 omnis
330 2217 341 2247 τ
363 2217 405 2246 ut
425 2218 656 2260 opponatur

46 2264 291 2320 principibus
305 2295 316 2316 ,
338 2268 387 2308 de
405 2269 546 2322 quibus
562 2283 656 2310 mox

49 2337 210 2381 agetur.

113 2399 133 2439 3
173 2388 453 2430 Deterioribus
486 2404 570 2431 erat
606 2391 655 2432 ob

46 2461 220 2503 regem...
244 2451 469 2505 inclinata]
494 2451 652 2499 Primo,

47 2509 137 2564 lege
165 2513 219 2550 ad
242 2527 379 2568 regem.
401 2514 562 2554 Deinde
583 2528 652 2554 no-

46 2569 103 2610 bis
133 2572 339 2612 verisimile
369 2574 531 2614 videtur
549 2575 652 2616 exci-

47 2631 138 2672 diffe
165 2632 227 2677 hic
258 2638 422 2677 verbum
456 2637 616 2692 aliquod
636 2666 650 2684 ,

725 1965 769 1993 ut
798 1951 905 2006 solet
933 1982 943 2002 ,
985 1955 1242 1996 deterioribus
1276 1956 1337 1995 fa·-

723 2029 822 2055 vens
840 2046 850 2064 ,
881 2029 964 2055 erat
994 2018 1046 2056 ad
1069 2031 1246 2071 regem...
1264 2014 1337 2060 ,iin-

723 2076 890 2116 climata.
942 2078 988 2117 Id
1031 2078 1169 2118 suadet
1216 2081 1333 2120 locus

722 2137 838 2189 plane
859 2139 1039 2193 geminus
1060 2168 1072 2185 ,
1105 2153 1141 2180 c.
1165 2140 1217 2192 63
1241 2169 1251 2187 ,
1275 2142 1335 2181 in-

720 2200 780 2239 fra
795 2213 804 2238 t
819 2214 943 2253 pravo
953 2201 1083 2251 studio
1099 2229 1111 2247 ‚
1124 2217 1195 2255 quo
1213 2202 1331 2241 etiam

720 2260 760 2300 in
777 2262 1047 2301 certaminibus
1065 2263 1225 2302 ludicris
1242 2264 1332 2302 vul-

716 2337 786 2378 gus
818 2323 968 2369 utitur,
1006 2324 1192 2364 deteriori
1214 2337 1329 2378 acque

719 2384 927 2440 infirmiori
951 2383 1135 2439 favendi.

779 2466 808 2503 4
828 2452 989 2508 Perseus
1005 2454 1123 2508 magis
1141 2469 1241 2495 aurae
1254 2469 1329 2510 po-

714 2515 868 2570 pularis
900 2516 1012 2568 erat]
1044 2516 1199 2556 Horum
1237 2531 1328 2557 ver·

715 2578 856 2616 borum
890 2578 1037 2629 duplex
1073 2577 1202 2631 potest
1246 2579 1325 2618 effe

717 2637 878 2680 sensus:
902 2652 1072 2691 nempe,
1095 2638 1261 2680 Perseus
1286 2640 1327 2679 se

913 2696 969 2745 M
1007 2696 1052 2761 ia}
