1670 3068
323 94 676 149 LlssER
772 93 991 149 XLI.
1167 111 1275 171 195

0 174 180 239 ¹conjici
217 175 263 222 in
285 191 508 224 acervum
543 171 664 235 juffit
696 173 858 221 consul
882 211 895 233 ‚
928 173 1208 238 sacrumque
1231 167 1280 222 id
1303 194 1488 248 [Le-5⁷5·

9 245 229 298 Vulcano
257 243 507 291 cremavit.
535 241 790 289 ViGtorem
822 241 1089 290 exercitum
1126 243 1173 288 in
1206 242 1282 289 hi-
1300 237 1492 303 &Ca-‘77-

2 313 150 362 berna
181 309 412 358 sociarum
449 310 638 357 urbium
682 310 887 357 reduxit.
932 307 991 356 Et
1028 306 1092 357 C.
1130 306 1283 358 Clau-

11 380 136 438 dius,
155 378 330 426 'litteris
361 376 444 425 Ti.
473 376 665 425 Claudii
690 377 742 426 &
770 375 1170 426 senatusconsulto
1201 394 1283 425 ac·

0 448 149 509 cepto
169 483 184 505 ,
217 462 277 495 ex
300 443 431 493 Istria
460 446 679 510 legiones
711 447 758 492 in
781 443 978 511 Ligures
998 444 1280 494 transduxit.
1330 456 1492 512 Ligures
1550 460 1553 461 ’

10 514 86 565 Ad
107 513 611 562 Scultennam-flumen
632 516 679 560 in
706 530 904 579 campos
940 511 1170 580 progressi
1193 519 1387 560 ca-ariffi
1419 536 1443 558 a

8 582 97 632 stra
120 581 360 630 habebant
391 578 565 629 hostes·
598 580 667 628 Ibi
699 598 810 628 cum
839 582 910 628 his
942 582 1045 630 acie
1079 581 1281 629 dimica·
1300 581 1465 621 Clandjo

10 664 142 709 tum..;
172 649 448 714 quindecim
485 649 630 696 millia
664 648 777 696 caesa
801 685 816 708 ,
853 650 959 714 plus
992 648 1283 715 septingenti
1299 639 1389 696 Cos.

9 719 58 768 in
89 720 251 783 praelio
273 754 286 776 ,
321 732 400 764 aut
432 719 480 765 in
509 714 664 764 castris
702 715 724 782 (
748 733 858 763 nam
881 733 936 764 ea
968 734 1165 782 quoque
1194 734 1284 765 ex-

10 801 212 853 pugnata
244 784 347 832 sunt
374 783 395 848 )
432 786 594 850 capti:
633 783 684 831 ὃ(
721 783 850 850 signa
879 784 1099 832 militaria
1133 802 1283 833 unum

7 853 65 913 1&
92 853 433 919 quinquaginta
471 867 626 917 capta.
661 850 858 919 Ligures
882 889 897 912 ‚
935 854 1147 918 reliquiae
1184 871 1285 902 cae-

14 921 80 970 dis
101 957 114 980 ,
146 922 194 968 in
227 937 417 969 montes
442 919 720 986 refugerunt
754 919 922 984 paffim
957 938 967 968 :
1010 921 1290 986 populanti-

10 1005 101 1056 que
125 988 414 1055 campestres
443 1006 582 1056 agros
612 987 792 1036 consuli
819 988 947 1036 nulla
974 988 1170 1055 usquam
1198 1008 1290 1055 ap-

11 1072 265 1124 paruerunt
307 1074 457 1105 arma.
514 1054 747 1104 Claudius
773 1094 789 1117 ,
832 1056 1031 1104 duarum
1069 1059 1288 1123 gentium

15 1142 109 1174 uno
136 1143 263 1175 anno
285 1124 440 1174 vi5'tor
458 1163 474 1185 ‚
505 1125 687 1172 duabus
710 1161 726 1182 ,
763 1125 898 1191 quod
919 1126 1026 1173 raro
1053 1126 1169 1173 alius
1191 1164 1204 1186 ‚
1237 1128 1288 1174 in

10 1191 253 1242 consulatu
285 1194 465 1258 pacatis
489 1194 751 1259 provinciis
775 1230 789 1252 ‚
823 1191 1037 1240 Romam
1069 1196 1288 1242 revertit.

80 1259 218 1310 XIII.
242 1260 463 1328 Prodigia
487 1278 547 1309 eo
573 1279 698 1308 anno
723 1263 932 1309 nuntiata
954 1279 964 1307 :
998 1263 1046 1309 in
1076 1259 1283 1309 Crustu-
1345 1261 1494 1304 Prodi--

14 1328 142 1378 mino
197 1345 218 1394 3
278 1347 419 1379 avem
463 1327 737 1395 sangualem
789 1327 809 1393 (
851 1347 994 1393 quam
1032 1346 1213 1378 vocant
1263 1325 1382 1397 )g³'⁶²·

16 1414 48 1457 4
74 1397 253 1445 sacrum
296 1397 508 1463 lapidem
541 1395 693 1446 rostro
730 1397 970 1444 cecidisse.
1009 1396 1203 1446 Boi-'em
1239 1401 1289 1448 in

3 1462 284 1530 -Campania
308 1466 575 1532 loquutam.
607 1464 822 1512 Vaccam
843 1482 1024 1514 aeneam
1048 1465 1292 1531 Syracusis

0 1532 72 1581 *ab
93 1532 263 1599 agresti
288 1549 423 1585 tauro
443 1571 457 1591 ‚
482 1535 560 1599 qui
581 1549 758 1597 pecore
783 1532 1036 1582 aberrasset
1052 1572 1066 1594 ,
1094 1535 1258 1583 initam
1277 1573 1293 1596 ‚

17 1617 67 1649 ac
88 1601 265 1650 semine
293 1601 544 1668 aspersam.
577 1599 629 1648 In
654 1600 964 1650 Crustumino
988 1602 1118 1650 diem
1141 1620 1293 1652 unum

17 1668 188 1734 inipso
224 1671 335 1718 loco
368 1669 647 1735 supplicatio
681 1667 771 1716 fuit
800 1685 809 1715 :
849 1671 899 1717 δὲ
938 1671 984 1716 in
1020 1668 1293 1736 Campania

0 1736 104 1786 ibos
129 1737 297 1785 alenda
316 1738 509 1803 publice
529 1738 638 1784 data
661 1754 671 1783 ε
703 1735 1153 1804 Syracusanumque
1175 1757 1294 1803 pro-

14 1803 195 1871 digium
218 1808 462 1871 expiatum
486 1843 500 1865 ,
538 1805 678 1853 editis
712 1806 770 1852 ab
803 1805 1126 1871 haruspicibus
1153 1807 1242 1854 diis
1273 1845 1290 1867 ,

21 1872 183 1938 quibus
225 1873 583 1938 supplicaretur.
633 1872 860 1921 Pontifex
902 1890 963 1922 eo
997 1892 1125 1924 anno
1156 1893 1293 1924 rnor-

19 1953 124 1989 tuus
153 1938 227 1989 'est
265 1942 339 1990 M.
376 1940 608 1991 Claudius
656 1940 918 1990 Marcellus
949 1980 964 2002 ,
1004 1944 1086 2008 qui
1127 1943 1292 1992 consul

18 2008 278 2076 'censorque
317 2009 508 2069 fuerat;
552 2013 600 2058 in
641 2008 741 2073 ejus
783 2009 943 2059 locum
973 2008 1191 2060 suffeclus
1222 2011 1291 2060 est

22 2076 235 2141 pontifex
268 2077 390 2126 filius
434 2077 535 2141 eius
580 2076 654 2126 M.
691 2077 968 2127 Marcellus.
1016 2077 1075 2127 Et
1105 2078 1287 2129 Lucam
1363 2089 1472 2130 Luca

18 2143 260 2194 coloniam
296 2146 475 2195 eodem
507 2164 634 2196 anno
661 2146 757 2196 duo
788 2147 937 2196 millia
971 2147 1150 2197 civium
1182 2147 1286 2199 Ro·
1302 2151 1478 2194 colonia..

82 2279 102 2321 3
122 2268 244 2310 Avem
254 2268 498 2326 fimgualcm]
518 2271 622 2312 Scri·
684 2285 802 2327 quem
823 2271 929 2312 exiis
948 2272 1142 2326 lapidibus
1158 2301 1169 2322 ,
1192 2287 1293 2328 quos

23 2327 124 2372 bitur
141 2346 301 2385 quoque
314 2330 534 2387 sanqualis.
552 2334 621 2373 De
685 2333 947 2374 terminandis
961 2335 1062 2388 agris
1081 2335 1181 2376 fixos
1200 2350 1294 2376 con-

25 2403 69 2430 ea
103 2391 250 2432 Plinius
284 2395 527 2434 mentionem
568 2396 622 2435 fa·
687 2394 925 2445 sectabant,
962 2398 1154 2437 ornabant
1187 2397 1295 2437 {lori-

25 2451 118 2494 citl.
146 2454 185 2494 X
208 2482 218 2501 ‚
238 2469 274 2495 c.
294 2468 336 2506 7.
358 2456 458 2496 Vid.
483 2457 523 2497 ὃ(
545 2457 623 2500 Fe·
686 2457 758 2496 bus
779 2485 791 2505 ‚
815 2459 927 2497 olivo
953 2460 1183 2514 ungebant,
1209 2459 1294 2499 &c-

0 2564 1 2578 x
27 2511 132 2556 stum.
161 2517 333 2558 Nomine
367 2515 516 2558 tanturn
547 2532 622 2559 no·
685 2518 754 2558 De
784 2519 980 2574 religione
1013 2521 1051 2559 ὅ(
1088 2521 1199 2559 cultu
1230 2520 1297 2560 clei

0 2589 5 2618 f
29 2574 83 2613 bis
106 2587 197 2616 nota
227 2578 294 2618 est.
686 2579 886 2628 Termini,
904 2579 982 2620 sive
1000 2580 1223 2631 hujusmodi
1241 2582 1300 2621 las

0 2634 5 2649 ⁸
86 2647 115 2685 4
134 2637 290 2680 Sacrum
313 2639 514 2696 lapidem]
538 2640 624 2682 Ali·
686 2642 850 2697 pidum,
867 2643 950 2684 vid.
971 2641 1296 2688 Plut.inNuma.

930 2698 1020 2768 Ii]
