1670 3068
300 125 395 178 52²·
564 109 893 163 INDEX
967 112 1351 169 RERUM.

359 189 419 220 tur
437 209 449 229 ‚
478 178 574 221 ibid.
599 181 634 219 6·
667 180 768 223 XLI.
794 181 924 236 Suppl.
947 182 963 223 l
987 213 998 232 ,
1028 194 1069 234 3.
1097 183 1207 224 initio
1241 185 1349 238 regni
1366 183 1494 227 multis
1514 184 1600 227 lau-

361 233 480 276 dibus
500 235 795 278 commendatus
812 270 822 288 ,
843 237 939 276 ibid.

418 290 550 331 miscet
578 292 673 332 inter
696 291 901 332 Dardanos
937 291 978 331 &
1009 289 1208 332 Bastarnas
1237 292 1597 345 certamina,XLI‚

365 355 431 397 19.
450 344 597 399 legatos
619 346 732 386 mittit
746 344 1038 400 Carthaginem,
1055 358 1123 389 22.
1140 346 1343 401 Dolopum
1358 356 1482 389 vtotam
1506 362 1602 403 gen—

363 408 442 441 tem
463 399 529 440 sub
551 400 607 450 ius
628 399 891 454 judiciumque
916 399 1022 440 suum
1055 401 1192 454 cogit,
1217 403 1317 444 ibid.
1339 401 1417 443 adit
1449 403 1605 445 Oracu-

363 453 451 549 liprni
464 455 715 508 Delphicum,
734 454 830 496 ibid.
866 455 1036 496 Achaeos
1064 456 1233 497 maxime
1263 455 1327 497 fibi
1347 457 1605 500 reconciliare

402 522 423 549 u
457 519 495 551 et
514 541 524 557 ‚
547 519 615 560 23.

420 562 603 605 conciliat
634 561 698 604 fibi
729 563 879 605 animos
914 563 1143 605 Graecorum
1168 595 1179 614 ,
1207 563 1346 614 XLII,
1380 578 1413 617 5.
1436 565 1515 618 eius
1538 566 1606 608 sae-

366 618 458 659 vitia
473 649 483 667 ‚
503 618 597 657 ibid.
620 618 667 659 ad
685 630 771 659 eum
793 618 906 673 legati
928 620 1122 660 mittuntur
1141 618 1270 661 Roma
1290 649 1302 666 ‚
1331 620 1388 661 6.-
1410 620 1601 663 Eumenes

367 685 456 714 eum
485 671 692 726 suspeuum
709 672 800 715 facit
825 674 1009 715 Romanis
1028 706 1039 724 ,
1062 686 1106 714 11
1126 707 1136 726 ,
1159 687 1223 716 12.
1245 676 1286 715 &
1309 674 1453 717 bellum
1471 676 1605 717 adver-

370 727 435 768 siis
471 740 559 768 eum
586 727 743 779 suadet,
779 739 841 781 13.
870 729 1003 782 legatis
1023 729 1105 780 ejus
1136 728 1244 770 datur
1270 729 1419 771 senatus
1437 758 1450 775 ,
1476 743 1536 780 14.
1560 729 1618 772 ad>

369 780 550 824 Eumenis
577 782 724 825 caedem
751 783 958 825 sceleratos
992 782 1176 835 quosdam
1209 783 1422 834 subornat,
1448 797 1509 838 ις.
1539 798 1610 838 per

369 836 562 879 veneficia
587 837 731 890 grassari
753 848 916 879 conatur
939 837 976 878 in
1003 837 1228 890 Romanos,
1258 853 1321 890 17.
1353 851 1375 880 a
1403 840 1530 881 senatu
1551 839 1611 892 ju-

371 891 522 933 dicatur
557 892 672 933 hostis
691 920 704 936 ‚
743 893 806 934 18.
844 892 995 946 legatos
1033 892 1202 933 Romam
1240 895 1381 943 mittit,
1419 895 1485 946 36.
1521 906 1610 935 cum

370 946 525 988 Marcio
558 945 824 987 Romanorum
865 947 994 1001 legato
1029 947 1292 1002 colloquitur,
1322 960 1462 1001 39-42.
1497 949 1612 990 mittit

370 1000 520 1056 legatos
555 999 603 1041 ad
634 1000 867 1056 Byzantinos
895 1004 935 1042 ὃς
968 1000 1148 1043 Rhodios
1172 1033 1184 1052 ‚
1213 1003 1280 1053 46.
1301 1003 1348 1044 de
1381 1015 1505 1044 rerum
1526 1003 1636 1044 sua--

370 1068 455 1097 rum
486 1055 628 1097 summa
661 1055 854 1097 confilium
892 1056 1036 1105 habet,
1067 1069 1129 1108 50.
1157 1056 1266 1110 ipsius
1291 1058 1484 1099 exercitus
1503 1088 1513 1107 ,
1546 1058 1613 1098 tri-

371 1111 473 1165 ginta
507 1122 651 1152 novem
682 1111 795 1151 millia
821 1110 990 1164 peditum
1007 1139 1020 1156 ,
1041 1120 1207 1165 quatuor
1232 1112 1400 1166 equitum
1419 1140 1432 1157 ,
1455 1124 1518 1162 51.
1541 1124 1614 1154 co·
1660 1114 1665 1121 '

367 1167 542 1206 hortatur
559 1166 695 1206 milites
717 1166 764 1207 ad
784 1164 950 1214 bellum,
976 1177 1040 1217 52.
1061 1168 1096 1206 in
1119 1165 1345 1208 Thessaliam
1366 1167 1418 1211 it,
1443 1178 1505 1219 53.
1527 1165 1612 1208 Ro-

367 1230 506 1261 manos
537 1218 702 1274 equestri
728 1221 860 1274 praelio
882 1220 1030 1270 vincit,
1064 1232 1200 1273 57-59.
1225 1221 1273 1263 ad
1307 1221 1443 1263 milites
1465 1222 1614 1263 oratio-

367 1287 458 1316 nem
481 1274 597 1316 habet
615 1308 625 1323 ,
656 1274 725 1316 61.
743 1284 863 1316 tentat
885 1287 1023 1329 pacem
1043 1306 1054 1325 ,
1073 1275 1208 1317 frustra
1226 1307 1236 1325 ‚
1263 1276 1334 1318 62.
1354 1275 1474 1318 castra
1493 1275 1612 1318 Rom.
1652 1269 1665 1287 '

367 1329 452 1371 vult
481 1328 691 1371 incendere
709 1361 720 1380 ‚
741 1329 1018 1379 64.Romanos
1046 1329 1172 1383 paffim
1199 1340 1387 1385 vagantes
1407 1332 1610 1385 opprimit,

369 1383 439 1435 65.
467 1383 566 1426 redit
592 1385 628 1424 in
661 1383 938 1427 Macedoniam
956 1415 965 1433 ‚
1001 1384 1070 1435 67.

426 1451 506 1480 rem
536 1439 718 1493 prospere
748 1440 846 1493 gerit
872 1438 1058 1480 adversus
1090 1438 1295 1480 Romanos
1315 1470 1327 1489 ‚
1350 1439 1392 1480 8<
1416 1440 1452 1481 in
1483 1440 1613 1482 Thra-

371 1493 432 1535 cia
449 1525 461 1544 ,
488 1493 628 1535 XLIII.
651 1493 781 1548 Suppl.
802 1494 849 1539 1,
869 1506 911 1538 2.
937 1494 1117 1548 Epirotas
1139 1492 1205 1534 fibi
1233 1493 1433 1549 adiungit,
1456 1495 1553 1538 ibid.
1573 1506 1613 1545 3.

372 1547 456 1599 eius
488 1547 637 1589 infidias
671 1548 738 1590 vix
768 1548 897 1604 effugit
939 1547 1072 1591 consul
1114 1547 1298 1590 Hostilius
1321 1579 1331 1598 ‚
1360 1549 1455 1591 ibid.
1492 1562 1534 1600 4.
1576 1551 1614 1591 in

371 1602 581 1655 Dardanos
612 1603 878 1645 excursronem
899 1602 1020 1652 facit,
1041 1603 1138 1643 ibid.
1170 1606 1365 1658 proxima-s
1394 1604 1626 1658 Illyriorum’

371 1667 508 1714 gentes
528 1668 726 1712 oppugnat
747 1690 758 1708 ‚
778 1657 901 1699 XLIII
920 1688 930 1706 ‚
955 1658 1017 1700 18.
1039 1657 1228 1700 Uscanam
1251 1659 1377 1713 capit,
1395 1660 1491 1703 ibid.
1511 1659 1618 1713 lega-

344 1759 347 1763 *
373 1722 438 1756 tos
457 1712 505 1755 ad
527 1713 714 1754 Gentium
734 1743 744 1761 ‚
764 1711 976 1767 lllyriorum
998 1725 1129 1767 regem
1145 1745 1156 1763 ,
1180 1713 1314 1757 mittit,
1343 1725 1407 1765 19.

429 1767 605 1810 occurrit*
623 1768 679 1821 Q.
705 1766 859 1810 Marcio
891 1765 1064 1821 Philippo
1089 1767 1170 1809 cos.
1197 1767 1322 1809 XLIV
1339 1798 1349 1817 ,
1368 1781 1408 1809 2.
1451 1777 1619 1823 occupat

376 1822 502 1865 aditus
523 1854 534 1874 ,
554 1822 649 1863 ibid.
669 1821 767 1863 levia
790 1823 996 1864 committit
1012 1823 1140 1876 praelia
1161 1853 1172 1871 ‚
1191 1834 1233 1872 4.
1262 1821 1344 1874 ejus
1375 1823 1525 1876 ignavia
1546 1856 1556 1874 ,
1575 1824 1621 1869 6.

378 1877 571 1931 trepidans
590 1877 702 1918 mittit
722 1876 860 1917 Nician
881 1874 1025 1918 Pellam
1046 1887 1086 1917 ut
1107 1888 1242 1931 gazam
1261 1877 1295 1917 in
1315 1890 1418 1919 mare
1440 1877 1619 1930 dejiciat,

378 1932 649 1974 Andronicum
669 1931 974 1973 Thessalonicam
1005 1931 1052 1973 ad
1079 1931 1234 1972 navalia
1264 1931 1533 1977 incendenda,
1555 1946 1620 1982 1-0.

376 1986 513 2041 postea
529 1986 679 2041 pudore
703 1986 823 2028 tattus
841 2018 853 2038 ‚
882 1996 1087 2039 utrumque
1116 1985 1324 2031 interficit,
1345 1986 1441 2027 ibid,
1467 1985 1618 2030 foedere
1641 2020 1647 2023 ⁴

377 2040 445 2083 fibi
466 2039 634 2096 adjungit
651 2042 836 2084 Gentium
853 2072 863 2090 ,
883 2052 952 2094 23.
971 2040 1149 2082 sollicitat
1165 2040 1362 2086 Rhodios,
1385 2040 1618 2087 Eumenem,
1641 2056 1655 2060 -

379 2097 423 2137 &
445 2096 707 2145 Antiochum,
731 2097 827 2139 ibid.
856 2096 893 2136 6ae
924 2108 994 2145 24.
1029 2095 1111 2149 eius
1145 2096 1304 2137 avaritia
1326 2126 1336 2145 ,
1367 2096 1435 2138 26.
1474 2096 1621 2139 recusat

381 2151 586 2194 Gallorum
605 2152 742 2193 auxilia
760 2183 772 2202 ,
793 2152 889 2193 ibid.
911 2151 1097 2193 Gentium
1119 2150 1153 2190 in
1175 2149 1346 2192 fraudem
1362 2151 1536 2205 impellit,
1551 2164 1619 2203 27.

385 2207 548 2248 vincitur
567 2206 608 2247 ὅ(
628 2207 778 2260 fugatur
798 2207 846 2247 ab
863 2205 1023 2247 AEmilio
1046 2204 1177 2246 Paullo
1200 2205 1281 2247 cos.
1298 2219 1366 2256 40.
1384 2206 1420 2245 ὅ·
1431 2206 1535 2260 seqq.
1558 2217 1635 2253 car

385 2259 620 2303 duceatores
639 2262 754 2302 mittit
785 2260 832 2302 ad
863 2260 1061 2302 consulem
1081 2288 1092 2304 ‚
1125 2272 1195 2313 45.
1215 2260 1504 2302 Samothracam
1531 2273 1621 2316 per·
1652 2260 1670 2321 j

384 2317 493 2359 venit
508 2344 522 2361 ‚
541 2316 638 2357 ibid.
657 2328 746 2357 eum
767 2315 933 2371 sequitur
954 2314 1086 2357 consul
1104 2346 1114 2364 ‚
1136 2314 1204 2365 46.
1642 2322 1670 2378 J

441 2370 521 2421 eius
551 2370 599 2413 ad
622 2370 822 2412 AEmilium
849 2371 978 2411 litterae
998 2399 1008 2415 ,
1039 2369 1171 2412 XLV,
1201 2381 1242 2419 4.
1275 2368 1430 2410 molitur
1463 2368 1590 2424 fugam
1609 2399 1621 2419 ,
1648 2378 1670 2430 ἐς

384 2424 516 2467 frustra
543 2425 585 2467 6.
610 2425 692 2478 ejus
719 2426 824 2481 pueri
849 2425 1040 2466 transeunt
1070 2423 1117 2465 ad
1144 2423 1370 2468 Romanos,
1400 2424 1494 2466 ibid.
1525 2422 1622 2465 l’er-
1648 2412 1670 2464 <⁴

385 2480 470 2523 seus
494 2479 572 2535 ipse
605 2481 641 2522 se
679 2480 819 2530 tradit,
851 2480 947 2520 ibid.
980 2492 1069 2521 eum
1094 2478 1258 2533 benigne
1293 2479 1436 2532 excipit
1459 2477 1620 2528 consul,
1647 2466 1670 2531 ᾖ

385 2549 435 2587 7,
473 2535 511 2577 8.
535 2547 623 2576 cum
654 2535 733 2576 filio
759 2534 933 2589 Philippo
958 2536 994 2576 in
1026 2533 1239 2575 custodiam
1278 2534 1462 2578 mittitur,
1483 2532 1548 2572 28.
1573 2531 1670 2588 defu?-

387 2602 440 2631 eo
466 2591 670 2644 triumphat
702 2588 850 2630 Paullus
872 2619 881 2636 ‚
921 2588 1054 2643 Suppl.
1082 2587 1149 2630 III.
1171 2588 1322 2629 ducitur
1350 2597 1436 2629 ante
1472 2599 1620 2628 currum
1643 2597 1650 2610 ⁴

387 2644 567 2695 vitioris,
586 2644 681 2686 ibid.
703 2655 738 2696 3.
760 2644 979 2698 deprecanti
1001 2647 1096 2684 hanc
1116 2642 1359 2697 ignomin'mu
1382 2640 1469 2696 quid
1492 2640 1625 2683 I'aulus
1657 2640 1666 2656 “

387 2698 624 2754 responderit
642 2730 653 2752 ,
669 2700 767 2745 ibid.
787 2698 926 2743 Albam
947 2700 985 2740 in
1004 2697 1218 2742 custodiam
1236 2697 1396 2739 mittitur
1410 2725 1422 2743 ‚
1442 2709 1511 2747 42..
