1670 3068
306 100 432 158 420
592 84 1312 145 T1T1L1v11

98 173 148 215 U.
155 185 187 214 c
198 173 293 224 58..
310 183 388 212 nec
418 165 630 232 tgnavtſj'
627 185 746 216 mum
782 186 993 233 quemque
1023 168 1218 232 relinqui
1247 169 1314 214 ad
1342 165 1590 233 custodiam:

99 240 135 270 8
142 251 188 272 ν·
197 230 273 270 1ίὲ
280 231 582 297 -ſszrcinarum
604 234 753 299 scitis.
797 238 891 283 Sed
907 233 1132 300 fuerimus
1168 252 1319 285 omnes
1349 253 1363 284 .·
1389 251 1586 299 parvum

308 302 391 348 hoc
425 304 603 350 tandem
641 300 720 366 effe
757 304 1010 360 credimus,
1045 302 1168 366 quod
1191 319 1248 349 ex
1283 303 1356 349 lzis
1393 302 1545 368 castris
1564 337 1592 359 ‚

306 370 355 417 in
391 370 553 434 quibus
584 372 670 419 lzac
699 373 822 418 noete
844 370 1088 432 mansimus
1109 407 1126 428 ,
1163 370 1334 418 exituri
1365 369 1413 416 in
1447 369 1602 415 aciem·

306 438 518 485 hodierno
547 454 628 486 aut
656 437 881 501 summum
918 439 1106 503 crastino
1137 439 1209 484 die
1236 473 1253 495 ,
1285 438 1334 500 si
1361 437 1429 483 ita
1460 437 1590 484 vide-

307 505 454 563 bitur,
485 506 576 552 diis
603 506 707 552 bene
719 503 999 570 juvantibus
1017 543 1035 563 ,
1057 503 1218 568 fiemus
1240 506 1267 553 Ρ
1298 504 1496 553 Nihilne
1516 504 1589 550 in-

308 575 475 639 terest,
521 572 667 620 utrum
717 573 903 620 militem
928 610 946 630 ,
993 592 1119 637 quem
1155 591 1295 637 neque
1339 574 1428 621 viae
1466 571 1598 618 labor

308 642 441 689 hodie
461 678 479 698 ,
514 659 654 717 neque
688 642 834 707 operis
856 638 1164 705 fatigaverit,
1202 640 1445 705 requietum
1468 677 1486 697 ,
1523 640 1594 687 in-

309 716 474 785 tegrum
507 709 555 755 in
580 711 766 756 tentorio
780 708 867 772 fico
887 728 1014 756 arma
1043 727 1195 775 capere
1216 706 1386 774 jubeas
1411 745 1426 766 ,
1461 721 1595 772 atque

311 777 361 824 in
389 778 532 824 aciem
553 777 788 843 ,plenum
828 778 993 826 virium
1016 815 1034 834 ,
1070 779 1290 844 vigentem
1335 777 1380 825 ξε
1418 792 1594 841 corpore

313 844 358 892 Cr*
390 846 578 903 animo,
609 849 817 905 educas;
862 864 924 893 an
956 846 1090 911 longo
1128 846 1282 893 itinere
1305 842 1596 910 fatigatum,

320 912 366 959 δ’
393 931 517 960 onere
548 910 752 978 fffum,
788 916 1036 962 madentem
1050 911 1210 977 sudore
1229 950 1247 971 ,
1290 929 1311 977 3
1339 911 1598 960 ardentibus

303 980 388 1044 Jiti
415 978 674 1045 faucibus,
708 999 778 1029 ore
814 997 949 1047 atque
979 982 1126 1030 oculis
1160 982 1337 1047 repletis
1369 981 1594 1047 pulvere,

315 1063 350 1106 4
369 1062 596 1097 torrentem
621 1052 867 1098 meridiano
885 1050 983 1114 stile
1000 1088 1018 1108 ,
1052 1051 1164 1117 hosti
1184 1048 1377 1115 objicias
1396 1049 1556 1097 recenti
1577 1084 1596 1106 ,

317 1118 547 1180 requiem,
581 1119 660 1182 qui
688 1118 823 1166 nulla*
853 1137 894 1166 re
929 1118 1034 1166 ante
1073 1116 1359 1183 consumptas
1391 1118 1510 1166 vires
1534 1118 1600 1162 ad

308 1184 518 1250 praelium
552 1184 745 1252 afferat.
742 1189 764 1221 Ρ
816 1188 938 1250 Quis
962 1225 979 1245 ,
1018 1204 1100 1252 pro
1138 1187 1266 1233 desim
1307 1186 1483 1250 fidem.
1479 1186 1491 1218 Ρ
1524 1185 1592 1231 ita

316 1268 604 1330 comparatus
649 1255 724 1303 vel
756 1256 872 1303 iners
909 1270 1044 1320 atque
1082 1255 1276 1302 imbellis
1310 1252 1477 1319 fhrttff
1477 1268 1595 1300 mum

314 1323 462 1369 virum
494 1340 584 1370 non
617 1324 822 1372 vicerit?
860 1325 1031 1387 Quid,
1065 1324 1187 1388 quod
1207 1323 1346 1388 hostes
1371 1319 1598 1387 persum-

316 1407 435 1438 mum
467 1391 607 1438 otium
630 1392 928 1457 instruxerant
949 1394 1120 1449 aciem,
1157 1405 1470 1456 reparaverant
1489 1390 1596 1436 ani-

317 1475 415 1505 mos
437 1495 455 1516 ,
490 1460 675 1525 stabant
705 1461 935 1526 compofiti
961 1457 1064 1522 suis
1100 1458 1281 1523 quisque
1319 1458 1596 1505 ordinibus.

317 1527 450 1573 nobis
482 1541 588 1574 tunc
612 1528 783 1593 repente
806 1529 1120 1595 trepidanaum
1142 1530 1189 1574 in
1222 1528 1319 1574 acie
1343 1526 1597 1592 instruenda

317 1609 439 1652 erat,
474 1594 518 1642 δ’
546 1596 854 1661 incompositis
875 1597 1260 1644 concurrendum?

385 1661 627 1711 XXXIX.
666 1678 684 1730 5
714 1665 786 1712 At
821 1664 994 1712 hercule
1015 1665 1156 1711 aciem
1184 1664 1361 1728 quidem
1395 1661 1602 1709 incondi-

317 1746 410 1778 tam
430 1733 822 1796 inordinatamque
841 1729 1141 1794 liubuz'ffiffmus
1160 1769 1178 1789 ,
1217 1733 1356 1797 castra
1387 1732 1562 1778 munita
1578 1767 1602 1788 ,
1645 1729 1647 1731 ’

311 1797 544 1865 provistzm
562 1802 852 1865 aquationem
870 1839 891 1859 ,
917 1815 1061 1848 tutum
1081 1801 1145 1846 ad
1160 1818 1255 1847 eam
1282 1801 1366 1846 iter
1375 1799 1598 1864 praestdiis

319 1868 542 1933 impofitis
559 1905 581 1926 ,
609 1869 847 1934 explorata
872 1869 990 1917 circa*
1011 1869 1164 1916 omnia
1192 1887 1205 1916 .-
1229 1886 1291 1918 an
1321 1867 1444 1916 nihil
1465 1867 1600 1932 nostri

318 1936 530 1983 habentes
547 1950 709 2001 praeter
727 1940 898 1984 nudum
939 1954 1145 2002 campum
1174 1936 1221 1982 in
1259 1954 1346 2000 quo
1374 1953 1599 2001 pugnare-

320 2022 420 2052 mus
442 2006 469 2053 ?
498 2002 707 2070 Majores
738 2007 867 2071 vestri
899 2006 1038 2071 castra
1065 2005 1240 2052 munita
1263 2041 1280 2062 ,
1315 2018 1495 2070 portum
1534 2003 1600 2050 ad

382 2103 404 2145 3
435 2091 711 2148 Ardeatibus]
739 2095 848 2137 Vide
876 2107 927 2133 an
991 2091 1256 2132 habuissemus
1293 2117 1305 2138 ,
1354 2089 1422 2130 sed
1461 2099 1599 2129 cetera

318 2156 430 2195 malis
455 2154 671 2194 arentibus.
990 2153 1155 2209 egregi'e
1206 2162 1344 2206 parata
1371 2179 1383 2200 ‚
1429 2151 1468 2191 id
1508 2150 1562 2191 est
1585 2177 1598 2198 ,

379 2230 408 2267 4
440 2215 669 2256 Torrentem
709 2214 925 2255 meridiano
992 2217 1112 2256 castra
1160 2215 1310 2255 munita
1339 2245 1352 2263 ‚
1401 2212 1601 2267 provisam

312 2275 436 2332 sole]
468 2277 578 2333 Lege
609 2290 781 2317 torrente
811 2289 822 2317 ε
860 2279 927 2316 vel
991 2276 1418 2331 aquationem...Tum
1437 2275 1602 2327 respon-

315 2340 344 2381 fi
379 2341 490 2395 legas
526 2353 736 2380 torrentem
757 2366 768 2387 ,
800 2339 927 2379 inter·
993 2340 1094 2379 det:
1125 2339 1239 2379 Itane
1272 2337 1400 2392 parati
1430 2350 1602 2377 concur-

318 2413 482 2458 pretate
514 2403 727 2443 ardentem.
990 2400 1166 2441 riffemus
1196 2429 1208 2448 ‚
1252 2414 1303 2439 an
1335 2397 1468 2453 potissls
1503 2398 1600 2438 nihi}

387 2464 479 2514 5At
498 2464 650 2504 hercule
669 2462 816 2518 aciem]
841 2461 928 2502 Ob·
990 2462 1112 2503 nostri
1151 2462 1347 2503 habentes
1385 2489 1401 2507 ‚
1453 2471 1599 2515 praetes·
1663 2489 1666 2491 >

317 2525 405 2581 {icit
430 2525 496 2566 fibi
515 2523 730 2565 AEmilius:
760 2524 812 2563 At
838 2526 925 2564 her·
989 2525 1140 2565 nudum
1183 2537 1397 2577 campum,
1431 2521 1472 2564 in
1515 2535 1597 2577 quo

320 2590 412 2628 cule
436 2588 563 2628 aciem
594 2587 753 2640 quidem
779 2585 925 2626 inordi-
990 2600 1261 2643 pugnaremus
1284 2585 1301 2627 ἓ

317 2661 454 2694 natam
470 2660 590 2705 atque
624 2647 929 2702 incompositam
