1670 3068
242 109 609 165 LIBER
709 106 1069 164 XXXl‘X.
1241 107 1311 189 ὃς

35 187 195 238 melius
218 187 346 253 fore,
379 190 456 254 qui
489 207 566 236 eas
589 188 726 254 primi
745 188 933 253 pervias
959 185 1180 250 feciffent.
1224 189 1520 250 LevssJ,<-,569.

37 258 134 321 gari
168 254 284 303 miffi
303 294 318 316 ‚
348 257 405 305 L.
432 256 595 304 Furius
631 254 905 319 Purpureo,
935 254 1007 317 Q
1034 253 1519 314 Minucius,zi.C.!-83‹

34 322 89 372 L.
116 322 326 372 Manlius
359 323 611 372 Acidinus.
639 321 800 380 Galli,
829 321 1024 370 redditis
1053 323 1277 370 omnibus
1298 360 1312 381 ,

35 407 142 457 quae
187 390 282 439 sine
323 390 599 458 cujusquam
649 389 816 455 injuria
864 389 1145 450 habebant,
1180 389 1317 438 Italia

35 457 348 507 excesserunt.

105 525 214 574 LV.
229 525 414 593 Legatis
432 525 669 575 Romanis
680 522 979 589 Transalpini
1000 524 1169 589 populi
1184 523 1319 573 beni·

38 593 132 660 gne
154 594 501 660 responderunt
519 613 531 652 3
548 594 758 642 seniores
778 609 946 640 eorum
970 595 1167 639 nimiam
1186 593 1316 640 leni-

37 675 189 709 tatem
213 663 379 727 populi
403 661 612 709 Romani
636 659 917 724 castigarum
936 697 950 718 ‚
977 661 1120 723 Qubd
1140 678 1213 707 eos
1232 662 1315 708 lzo-

39 729 213 788 mines,
242 732 319 794 qui
343 732 489 795 gentis
521 727 686 794 injuffu
703 725 890 793 profifli
914 745 1129 792 occupare
1159 746 1319 794 agrum·

40 797 214 860 imperii
250 799 482 854 Romani,
517 796 560 843 6²
594 798 640 843 in
681 795 830 842 alieno
854 792 956 857 solo
987 796 1205 857 aedzficnre
1236 813 1322 861 op*

31 865 194 929 pidum
225 880 256 925 7
285 866 436 911 conati
489 878 603 921 unt,
643 864 892 928 impunitos
931 861 1187 924 dimiserint.
1213 865 1312 911 De-

38 928 174 991 buffl
209 949 388 997 gravem
419 933 677 978 temeritatis
716 932 944 977 mercedem
972 931 1132 995 statui.
1174 932 1319 994 Quod

38 999 140 1047 verb
174 1001 308 1046 etiam
329 997 420 1061 sua
460 1001 760 1055 reddiderint,
798 999 931 1045 vereri
974 1016 1028 1044 ne
1074 1001 1204 1046 tizntd
1244 1001 1317 1046 in-

38 1065 271 1131 dulgentia*
307 1066 462 1131 plures
499 1069 564 1113 ad
595 1067 712 1113 talin
759 1067 969 1112 audenda
1008 1067 1316 1131 impellantur.

37 1129 100 1180 Et
123 1147 449 1198 exceperunt,
477 1134 528 1182 &
546 1133 822 1203 prosequuti
839 1151 947 1180 cum
973 1132 1113 1181 donis
1129 1134 1320 1200 legatos

37 1198 159 1249 sunt.
195 1200 268 1250 Μ.
301 1199 532 1250 Claudius
567 1201 761 1262 consul,
790 1199 942 1250 Gallis
975 1217 1034 1250 ex
1068 1203 1321 1267 provincia

40 1266 213 1317 exaffis
236 1306 252 1329 ,
278 1268 490 1318 Istricum
525 1269 707 1318 bellum
737 1270 897 1318 moliri
931 1270 1113 1335 coepit:
1151 1271 1320 1319 litteris

40 1334 102 1383 ad
130 1335 345 1386 senatum
376 1335 550 1398 miffis,
585 1352 635 1386 ut
663 1336 747 1386 fibi
776 1339 822 1384 in
855 1335 1036 1385 Istriam
1069 1339 1321 1388 traducere

39 1404 255 1470 legiones
279 1406 463 1456 liceret.
493 1406 549 1455 Id
574 1406 753 1455 senatui
778 1405 973 1471 placuit.
1006 1404 1129 1454 Illud
1166 1408 1321 1474 agita·

39 1471 157 1522 bant
183 1511 197 1534 ,
233 1475 302 1521 uti
331 1475 523 1524 colonia
558 1473 784 1541 Aquileia
816 1474 1188 1533 deducereturg
1229 1492 1320 1524 nec
1344 1482 1535 1539 Aquileia

42 1539 147 1588 satis
183 1540 428 1591 constabat
457 1579 471 1601 ,
522 1545 683 1590 utrum
729 1541 948 1590 Latinam
979 1579 993 1601 ‚
1038 1560 1098 1590 an
1143 1545 1320 1592 civium
1336 1546 1515 1589 colonia.

41 1605 380 1658 Romanorum
410 1609 581 1659 deduci
611 1611 824 1676 placeret
862 1627 878 1669 3
910 1608 1154 1675 postremo
1190 1610 1325 1660 Lati-

43 1694 153 1723 nam
178 1679 338 1742 potius
372 1678 615 1726 coloniam
646 1677 982 1726 deducendam
1005 1676 1171 1726 Patres
1206 1696 1324 1727 cen-

42 1742 251 1794 suerunt.
287 1743 551 1793 Triumviri
583 1747 729 1794 creati
762 1745 862 1793 sunt
886 1783 900 1805 ‚
930 1744 982 1792 P.
1012 1744 1178 1812 Scipio
1212 1745 1324 1796 Na-

42 1809 135 1859 sica
156 1850 170 1872 ‚
197 1811 258 1862 C.
293 1812 552 1862 Flaminius
573 1851 586 1872 ‚
622 1813 677 1862 L.
706 1812 917 1861 Manlius
943 1812 1194 1862 Acidinus.
1222 1813 1325 1864 Eo·

45 1879 156 1928 dem
187 1897 314 1930 anno
347 1881 539 1930 Mutina
563 1882 614 1929 &
644 1880 814 1931 Parma
843 1880 1046 1932 coloniae
1069 1880 1322 1932 Romano·
1366 1895 1534 1938 Mutina

41 1965 148 1996 rum
189 1950 367 2001 civium
395 1949 498 1998 sunt
528 1949 743 1999 dedu&ae
781 1966 795 2008 3
821 1950 933 1998 bina
969 1949 1118 1999 millia
1153 1951 1535 2002 homi—&Parma

43 2033 158 2064 num
188 2018 235 2065 in
267 2035 385 2085 agro
407 2055 424 2079 ‚
457 2021 536 2084 qui
574 2019 796 2084 proxime
835 2017 1069 2066 Boiorum
1089 2055 1104 2078 ,
1133 2017 1161 2068 8
1210 2022 1320 2070 ante
1338 2020 1528 2063 coloniae.

43 2081 311 2134 Tuscorum
336 2085 519 2146 fuerat,
545 2086 718 2136 oistona
747 2084 912 2152 jugera
944 2084 1125 2135 Parmae
1144 2125 1160 2149 ‚
1179 2091 1325 2154 quina

48 2150 251 2201 Mutinae
302 2169 608 2219 acceperunt.
661 2154 986 2203 Deduxerunt
1037 2156 1276 2205 triumviri
1313 2196 1331 2218 ‚

46 2217 123 2269 M.
156 2220 373 2271 AEmilius
404 2221 653 2288 Lepidus,
687 2221 754 2272 T.
788 2223 1009 2273 AEbutius
1043 2221 1196 2273 Carus
1224 2262 1240 2286 ‚
1271 2224 1334 2275 L.

45 2345 156 2379 mus,
197 2346 327 2371 vocem
362 2331 512 2386 mififfe.
561 2331 658 2372 Per·
713 2329 978 2388 superabilem
997 2333 1138 2389 finem.

46 2391 330 2446 vias-fectffenc
346 2393 659 2447 interpretamur
782 2408 808 2446 7
853 2395 997 2435 Cenaei
1027 2393 1171 2449 sunt]
1218 2393 1332 2450 Lege

47 2453 281 2507 tranfiffent.
314 2455 394 2495 Sed
426 2455 518 2495 ideo
547 2457 656 2497 locu·
711 2455 809 2509 fint.
857 2457 1001 2496 Conati
1043 2468 1177 2497 autem
1215 2456 1335 2497 intel-

46 2516 157 2556 tione
189 2517 308 2570 paulo
336 2517 549 2571 grandiore
580 2517 654 2557 uti-
719 2519 798 2573 lige
830 2517 925 2571 ausi.

46 2587 110 2616 tur
141 2578 274 2618 Livius
296 2606 306 2625 ‚
339 2579 429 2632 quia
449 2577 556 2632 prius
588 2580 656 2618 Al·
782 2579 805 2619 8
834 2577 940 2619 Ant&
966 2577 1336 2635 TuscorumJVid,

46 2652 119 2693 pes
147 2652 365 2683 vocaverat
388 2655 514 2697 prope
545 2640 656 2694 inexf
719 2639 833 2696 supra
859 2642 900 2686 V
921 2668 933 2687 ‚
970 2651 1045 2696 33.
