1670 3068
345 90 703 146 LIBER
798 88 1046 145 XLV.
1216 89 1329 164 463

64 181 95 232 7
119 166 362 218 &tribuni
391 170 541 235 plebis
561 207 576 228 ‚
600 186 746 235 quum
765 169 828 216 ita
848 169 1078 216 traditum
1107 166 1221 217 esset
1240 206 1253 228 ,
1280 186 1339 217 ne
1355 180 1542 230 U·c-55‘5·

7 294 17 299 l
65 239 170 302 quis
218 241 344 303 prius
398 238 720 287 intercederet
767 238 896 302 legi,
943 236 1087 302 quam
1141 237 1540 301 privatum-167·

63 304 294 353 suadendi
324 303 716 371 dissuadendique
764 304 925 371 legem
962 302 1174 370 potestas
1219 303 1340 352 fasta

64 370 179 420 esset
203 409 218 432 ‚
259 390 414 437 eoque
462 375 676 439 persaepe
726 369 992 432 evenisset,
1027 385 1080 418 ut
1119 372 1199 436 qui
1239 389 1341 419 non

64 438 260 505 profesti
305 438 453 489 essent
500 440 546 488 se
585 439 951 498 intercessuros,
998 437 1342 487 animadversis

63 508 189 555 vitiis
223 508 342 574 legis
382 525 442 557 ex
489 509 707 557 oratione
754 507 1118 556 dissuadentium
1145 544 1159 566 ,
1187 507 1343 554 inter-

64 575 326 636 cederent,
356 575 407 625 &
438 578 520 641 qui
548 576 607 623 ad
640 575 1039 624 intercedendum
1073 572 1341 633 venissent,

67 641 374 704 desisterent,
408 644 519 692 viffl
553 643 908 692 austeritatibus
943 642 1241 691 suadentium
1270 641 1344 689 le-

62 727 193 776 gem.
221 710 354 759 Tum
383 713 505 761 inter
541 727 798 776 praetorem
837 710 1147 775 tribunosque
1178 710 1344 759 omnia

60 778 399 844 intempestive
427 780 600 847 agendi
630 794 873 828 certamen
905 793 1023 827 erat.
1044 778 1250 826 Tribuni
1273 776 1346 826 fe-

63 845 368 896 stinationem
401 848 618 913 praetoris
638 884 651 907 ‚
675 848 785 895 ante
813 861 1004 912 tempus
1035 845 1343 894 interceden-

64 913 130 962 do
149 951 163 974 ‚
197 924 216 976 [
238 933 386 981 quum
409 916 719 975 damnarent,
740 915 1062 962 imitabantur.
1086 913 1198 962 Hoc
1224 929 1342 962 tan-

66 983 169 1029 tum
198 982 520 1031 intercessioni
557 983 643 1030 suae
679 982 1045 1047 praetendebant
1068 980 1126 1048 ‚]
1168 983 1215 1029 in
1255 980 1342 1028 ad·

64 1064 266 1098 ventum
312 1053 636 1116 im[peratoris
681 1051 734 1098 ὃ(
769 1051 939 1099 decem
972 1051 1244 1116 legatorum
1282 1065 1342 1097 ex
1385 1049 1526 1105 Suppl.

66 1116 388 1177 Macedonia,
416 1120 496 1184 qui
530 1135 580 1166 re
611 1116 962 1185 diligentissime
991 1134 1050 1166 ex
1077 1119 1244 1166 litteris
1275 1133 1345 1166 ta·

64 1184 280 1251 bulisque
320 1186 560 1251 perpensa
586 1187 720 1233 certo
750 1186 998 1234 indicaturi
1036 1184 1214 1246 essent,
1246 1204 1346 1250 quo

65 1270 266 1319 quaeque
303 1255 467 1300 civitas
515 1255 560 1300 in
609 1252 777 1302 Persea
823 1253 1134 1303 Romanosve
1180 1256 1346 1302 animo

65 1319 247 1380 fuisset,
275 1336 428 1368 totam
463 1321 522 1369 de
543 1320 745 1369 Rhodiis
777 1321 1176 1370 consultationem
1212 1320 1347 1386 rejici

67 1395 189 1452 opus
223 1386 332 1437 effe.
363 1388 458 1436 Sed
491 1406 640 1454 quum
671 1389 981 1437 nihilominus
1012 1404 1189 1454 praetor
1226 1407 1346 1454 pro-

66 1454 277 1520 positum
315 1472 537 1522 urgeret,
575 1457 636 1504 eo
666 1473 738 1505 res
774 1455 999 1523 processit
1022 1495 1036 1517 ,
1080 1472 1131 1505 ut
1177 1456 1346 1506 Anto-

67 1524 170 1571 nius
205 1523 422 1572 tribunus
446 1560 462 1585 ,
491 1523 732 1590 produffis
776 1525 835 1573 ad
867 1522 1105 1591 populum
1137 1524 1303 1592 legatis
1328 1563 1344 1586 ‚

63 1591 417 1656 procedentem
454 1592 624 1640 contra
655 1591 896 1641 Thalnam
939 1592 991 1641 δὲ
1030 1592 1189 1642 dicere
1219 1595 1348 1641 inci-

63 1659 277 1723 pientem
324 1661 383 1708 de
439 1659 622 1709 Rostris
684 1661 958 1709 detraheret
995 1698 1009 1720 ,
1048 1661 1347 1721 Rhodiisque

64 1728 358 1776 concionem
399 1729 651 1793 praeberet.
679 1728 913 1778 Ceterum
938 1768 952 1789 ‚
989 1728 1071 1777 etsi
1119 1724 1346 1795 praecipi-

60 1808 160 1843 tem
196 1813 252 1844 ac
282 1795 521 1845 fervidum
546 1799 764 1862 praetoris
797 1812 1022 1846 conatum
1049 1815 1133 1863 par
1164 1799 1343 1846 tribuni

60 1864 329 1928 pervicacia
359 1863 656 1925 discusserat,
689 1866 907 1913 nondum
930 1881 1094 1914 tamen
1120 1883 1229 1929 cura
1255 1866 1345 1915 de-

63 1929 259 1980 cesserat
295 1930 600 1997 Rhodiorum
630 1934 814 1983 animis.
848 1933 1009 1982 Patres
1037 1934 1167 1984 enim
1209 1949 1344 1982 erant

63 1996 391 2046 infenfiffimi:
431 2015 482 2049 ut
517 2003 785 2050 imminenti
831 2002 962 2050 malo
1007 2001 1155 2049 levati
1190 2003 1346 2068 magis

62 2067 110 2112 in
144 2065 348 2132 praesens
379 2066 590 2128 Rhodii,
621 2068 766 2134 quam
802 2071 1004 2118 omnino
1041 2069 1226 2118 liberati
1266 2069 1347 2117 es-

60 2132 181 2181 sent.
219 2134 366 2197 Igitur
397 2153 543 2200 quum
581 2136 661 2184 diu
700 2136 999 2204 multumque
1035 2137 1344 2202 precantibus

18 2256 21 2261 ,
58 2201 258 2250 tandem
302 2202 487 2252 senatus
525 2204 660 2253 datus
696 2203 845 2264 esset,
876 2205 1134 2255 introdutffli
1170 2224 1195 2253 a
1218 2222 1344 2253 con-

61 2267 159 2318 sule
181 2307 195 2329 ,
219 2271 376 2335 primo
403 2270 642 2338 prostratis
663 2271 794 2321 humi
813 2274 1097 2340 corporibus
1116 2274 1195 2322 diu
1217 2274 1343 2322 flen-

62 2351 137 2386 tes
169 2336 434 2402 jacuerunt.
485 2339 680 2389 Deinde
719 2359 866 2408 quum
908 2345 1137 2391 excitatos
1174 2340 1340 2390 consul

61 2405 222 2456 dicere
246 2404 436 2472 jussisset
453 2445 468 2469 ‚
489 2406 783 2476 Astymedes
801 2408 946 2478 quam
967 2411 1175 2459 maxime
1197 2426 1343 2460 com-

123 2545 217 2597 7Ee
234 2546 545 2602 tribuniplebis]
566 2548 665 2602 Sup·
723 2549 796 2605 plo
862 2517 1174 2592 adversabantur
1242 2548 1337 2591 huic

58 2607 156 2660 ple,
187 2622 289 2649 novo
325 2610 504 2665 maloque
538 2624 667 2650 exem-
731 2611 895 2652 actioni.

929 2685 1065 2735 Viv
