1670 3068
331 104 657 156 INDEX
727 105 1116 158 RERUM.
1276 122 1367 177 525

706 226 758 270 R.

95 283 185 374 R
196 345 223 376 E
237 346 262 375 L
274 346 292 376 1
307 345 338 376 G
351 348 369 377 1
382 348 413 378 0
434 336 513 378 Ioci
531 335 677 390 praebet
696 335 868 379 inducias
885 335 1055 378 hostibus
1071 336 1175 378 fimul
1194 338 1375 381 versanti-

152 388 224 430 bus
242 418 253 434 ,
281 388 406 431 XLIV
426 423 436 440 ‚
459 403 527 442 29.

95 441 334 484 Rhodiorum
363 445 522 498 superba
554 444 695 497 legatio
725 444 771 486 de
801 444 1087 487 reconcilianda
1121 457 1208 486 cum
1238 444 1378 487 Perseo

149 510 248 551 pace
264 528 275 545 ,
295 497 418 539 XLIV
439 530 449 546 ,
475 511 539 548 14.
559 499 738 552 castigata
755 511 891 540 eorum
917 500 1060 541 ferocia
1082 531 1093 550 ,
1123 511 1185 549 15.
1218 497 1378 541 Perseus

149 563 221 593 eos
240 553 368 593 incitat
386 553 432 594 atl
453 552 612 597 bellum,
631 565 698 606 23.
713 566 848 594 eorum
867 554 979 608 legati
1000 556 1035 594 in
1054 554 1172 595 castra
1191 553 1240 594 ad
1257 554 1379 594 AEmi-

152 605 244 647 lium
265 605 433 648 Paullum
451 608 529 649 cos.
553 609 735 658 veniunt,
757 619 821 660 35.

207 661 365 702 invitant
383 662 428 703 ad
455 662 490 703 se
519 661 666 714 legatos
688 661 890 703 Romanos
910 661 1030 703 miffos
1054 661 1100 703 ad
1123 661 1380 706 Antiochum,

152 714 282 764 XLV,
308 728 369 755 ιο.
400 717 435 756 in
464 728 534 757 eos
566 716 741 770 asperitas
764 716 812 758 C.
835 714 1013 770 Popillii,
1034 715 1146 770 iegati
1183 715 1382 766 Romani,

153 769 249 810 ibid.
271 771 332 823 qui
354 768 492 811 Perseo
513 769 705 818 faverant,
725 771 946 812 damnantur
968 770 1229 823 capitis‚ibid.
1246 781 1384 811 eorum

153 822 265 876 legati
289 823 385 865 male
408 823 798 878 echpirinturRomae
816 856 827 874 ,
857 837 924 864 20.
957 834 1091 865 contra
1121 835 1191 865 eos
1221 823 1385 866 Thalnae

153 879 325 931 praetoris
347 880 497 932 rogatio
516 907 528 923 ,
551 892 616 919 21.
637 890 771 919 eorum
792 879 828 918 in
848 878 976 919 senatu
1003 879 1129 919 oratio
1145 908 1155 927 ‚
1180 891 1248 923 22.
1277 888 1386 920 eate-

153 943 223 973 nus
241 931 370 973 sociaii
389 933 536 974 toedere
559 944 646 973 cum
665 932 851 974 Romanis
867 945 944 974 non
964 933 1120 987 illigati,
1140 942 1229 975 tunc
1261 932 1388 975 socie-

154 994 270 1026 tatem
293 987 496 1040 petendam
518 996 674 1040 putant,
697 1001 763 1037 25.

103 1038 147 1081 P.
165 1039 324 1082 Rutilius
341 1073 352 1092 ,
383 1042 445 1095 qui
465 1042 634 1083 tribunus
652 1042 773 1095 plebis
793 1041 915 1082 fuerat
932 1069 944 1086 ‚
974 1041 1076 1083 tribu
1110 1049 1238 1084 motus
1258 1053 1278 1083 a
1300 1053 1392 1084 cen-

159 1094 306 1136 soribus
325 1125 335 1145 ‚
368 1095 409 1136 &
441 1096 594 1136 aerarius
623 1095 741 1137 fastus
761 1127 773 1146 ‚
802 1094 953 1140 XLIV,
983 1095 1046 1137 16.

102 1146 149 1192 Ρ.
171 1148 329 1191 Rutilius
351 1150 496 1193 Calvus
517 1161 669 1193 creatur
686 1160 828 1206 praetor
847 1183 857 1202 ,
875 1148 981 1193 XLV
996 1182 1007 1202 ,
1027 1161 1097 1201 44.

734 1259 775 1301 S.

113 1313 447 1411 SARDORUM
467 1379 604 1411 omnes
624 1367 758 1423 populi
778 1400 788 1419 ,
812 1367 875 1423 qui
897 1366 1142 1417 defecerant,
1161 1366 1197 1408 in
1212 1366 1397 1410 ditionem

161 1421 381 1475 rediguntur
399 1453 410 1472 ,
433 1423 548 1475 XLI,
570 1436 636 1474 17,
669 1424 717 1465 de
752 1424 793 1464 iis
826 1423 1034 1476 triumphat
1063 1421 1126 1463 Ti.
1152 1422 1400 1476 Sempronius

169 1475 370 1518 Gracchus
394 1509 404 1527 ,
421 1476 523 1521 XLI.
544 1477 680 1532 Suppl.
695 1477 750 1518 IV
769 1509 781 1529 ‚
799 1490 841 1519 2.
874 1507 880 1513 -

112 1530 293 1573 Sardiniae
308 1532 473 1573 formam
503 1532 684 1574 exhibens
705 1532 832 1574 tabula
865 1531 900 1572 in
931 1530 1015 1573 aede
1044 1530 1202 1573 Matutae
1231 1531 1359 1573 matris
1380 1543 1402 1573 a

168 1585 233 1628 Ti.
256 1586 441 1628 Graccho
459 1586 576 1641 posita
596 1619 607 1636 ,
629 1586 715 1628 XLI
735 1618 746 1635 ‚
767 1587 834 1629 28.

119 1639 297 1694 Satyrus,
316 1641 492 1695 priticeps
517 1641 716 1696 legationis
730 1640 970 1682 Rhodiorum
988 1668 1001 1686 ,
1026 1639 1335 1694 intemperantius
1354 1640 1406 1681 in·

173 1695 324 1736 vehitur
342 1695 375 1735 in
399 1697 612 1737 Eumenem
633 1724 643 1740 ‚
663 1694 767 1736 XLII
785 1726 796 1744 ‚
819 1708 884 1745 14.

121 1747 284 1791 Scenam
323 1749 498 1846 {fimus
536 1750 834 1806 pratoribusque
868 1748 1109 1804 praehendam
1139 1748 1317 1792 censores
1345 1749 1409 1790 Io-

177 1813 294 1849 cant,
429 1833 440 1849 ,
470 1818 493 1845 2
527 1835 536 1845 .

119 1857 374 1909 Scerdiletus,
399 1818 526 1901 Gent-'Ii
551 1857 765 1914 Illyriorum
795 1859 894 1914 regis
928 1857 1024 1900 filius
1045 1887 1057 1908 ,
1088 1858 1263 1913 captivus
1298 1858 1416 1898 mitti·

179 1922 238 1954 tur
258 1912 426 1954 Romam
442 1946 453 1964 ,
472 1912 595 1955 XLIV
611 1945 621 1963 ‚
644 1926 712 1967 32.

124 1967 338 2016 Schoenus,
360 1978 553 2010 mercator
570 1966 793 2009 Perrhaebus
813 1997 824 2015 ,
844 1966 891 2009 de
915 1966 1065 2009 transitu
1093 1966 1140 2008 ad
1159 1964 1414 2008 Perrhaebiam

185 2021 376 2063 consultus
395 2022 442 2063 ab
464 2022 623 2064 AEmilio
644 2022 726 2064 cos.
742 2021 867 2063 XLIV
882 2052 892 2070 ‚
915 2033 980 2074 35.

127 2075 410 2130 Ti.Sempronii
429 2076 597 2117 Gracchi
618 2078 742 2118 orario
762 2076 807 2116 ad
828 2076 1016 2130 colleg-zm
1037 2076 1229 2130 triumpho
1248 2074 1310 2121 IIL
1328 2074 1415 2116 Fui-

185 2131 238 2171 vii
259 2142 407 2171 moram
427 2130 646 2172 afferentem
664 2160 674 2179 ‚
695 2129 871 2171 XXXIX
885 2160 896 2180 ,
920 2144 954 2181 5.
981 2140 1131 2171 creatur
1151 2129 1322 2171 triumvir
1341 2141 1414 2170 co-

186 2184 299 2226 loniae
331 2183 599 2234 deducendae,
639 2198 701 2235 55.
733 2194 899 2238 praetor,
930 2185 1150 2226 citeriorem
1197 2184 1413 2238 Hispaniam

188 2239 340 2280 sortitur
355 2267 367 2284 ,
394 2237 486 2289 XL,
507 2252 572 2291 35.
591 2241 693 2294 capit
710 2238 896 2280 Mundam
917 2271 928 2289 ‚
951 2239 992 2280 &
1014 2239 1224 2280 Certimam
1245 2268 1254 2287 ‚
1273 2237 1386 2279 urbes
1400 2266 1414 2282 ‚

189 2306 256 2345 47.
277 2293 395 2334 vincit
414 2293 634 2335 Celtiberos
651 2322 663 2338 ‚
685 2294 828 2347 eosque
856 2293 1014 2347 subigit,
1036 2294 1114 2342 48,
1132 2304 1184 2343 49
1205 2324 1215 2341 ‚
1240 2305 1302 2342 50.
1333 2303 1415 2331 ma-

219 2359 284 2389 nas
303 2348 343 2388 &
363 2359 462 2388 anno
482 2348 660 2402 sequente
679 2349 712 2388 in
733 2348 907 2401 Hispania
928 2361 987 2389 re}
1010 2348 1127 2401 gerit,
1151 2346 1250 2387 XLI.
1279 2345 1412 2399 Suppl.

192 2361 235 2450 I,
262 2414 290 2451 4
314 2402 351 2441 G·
380 2412 416 2452 5.
439 2403 632 2456 egregium
657 2402 694 2444 se
722 2405 824 2456 pacis
849 2402 1027 2443 arbitrum
1060 2402 1101 2442 ὃς
1129 2400 1415 2441 moderatorem

193 2455 336 2510 praebet
351 2488 362 2506 ‚
381 2456 477 2498 ibid.
497 2456 749 2498 Gracchurim
763 2457 896 2497 urbem
917 2455 1050 2497 condit
1067 2485 1077 2503 ‚
1096 2455 1191 2496 ibid.
1211 2455 1417 2508 triumphat

192 2512 243 2553 de
263 2509 483 2560 Celtiberis,
501 2524 542 2561 7.
560 2519 710 2552 creatur
730 2511 858 2553 consul
871 2542 880 2560 ‚
902 2510 941 2550 S.
955 2510 1078 2550 multis
1097 2508 1269 2550 secund;s
1284 2509 1417 2561 praeliis

196 2564 399 2618 perdomat
424 2564 564 2606 Sardos
583 2595 593 2613 ‚
612 2565 698 2606 XLI
716 2594 727 2609 ‚
751 2578 813 2616 17.
831 2564 878 2606 de
895 2563 1017 2604 Sardis
1035 2565 1262 2617 triumphat,
1283 2563 1416 2616 Suppl.

144 2652 148 2656 .
198 2619 276 2667 lv,
297 2631 336 2661 2.
356 2631 479 2660 rerum
498 2617 545 2658 ab
566 2631 617 2660 eo
639 2619 673 2658 in
695 2618 863 2659 Sardinia
883 2618 1068 2672 gestarum
1099 2629 1192 2670 ergo
1226 2616 1351 2657 tabula
1382 2618 1419 2657 in

201 2672 280 2716 ade
300 2672 433 2717 Matris
454 2673 768 2730 Maruraepofita,
786 2674 850 2716 28.
869 2682 1018 2723 creatur
1037 2672 1188 2719 censor,
1204 2671 1339 2723 XLIII,
1357 2684 1422 2722 14.
