1670 3068
317 110 392 183 48
602 111 656 170 Τ
700 131 717 169 1
764 130 804 170 T
850 130 868 169 1
957 114 1002 169 L
1048 130 1068 169 1
1115 130 1159 167 v
1204 130 1224 170 1
1271 129 1293 169 1

109 204 301 260 U.c.567‚
318 190 510 259 Tagum
544 194 727 244 flumen
763 193 966 260 profe&
988 193 1110 242 sunt.
1141 194 1374 244 Praetores
1406 194 1600 246 interim

110 263 298 313 3·C·135.
319 259 528 310 Romani
568 281 716 312 omne
751 264 801 311 id
833 280 1025 329 tempus
1046 301 1061 323 ‚
1085 265 1424 311 contrahendis
1446 281 1505 311 ex
1536 266 1601 312 ci·

314 331 540 378 vitatibus
575 331 708 379 sociis
740 329 1067 396 Hispanorum
1101 332 1283 379 auxiliis
1318 369 1330 389 ‚
1380 330 1600 380 reficien-

312 396 475 464 disque
505 398 565 445 ab
599 416 785 448 terrore
810 398 1021 446 adversae
1053 415 1227 465 pugnae
1252 400 1457 446 militum
1492 401 1601 447 ani-

311 467 435 525 mi5‚
469 465 881 532 consumpserunt.
915 466 1017 513 Ubi
1048 467 1156 515 satis
1183 467 1405 531 placuere
1435 468 1596 527 vireS,

312 534 366 581 ὃ(
397 531 496 596 jam
533 535 669 582 miles
706 551 902 600 quoque
926 571 939 592 ‚
976 534 1037 581 ad
1074 534 1332 583 delendam
1384 536 1599 600 priorem

307 602 627 665 ignominiam
645 640 659 661 ‚
686 602 873 650 hostem
906 601 1131 665 poscebat
1157 619 1169 660 ;
1203 601 1461 651 duodecim
1485 604 1598 651 mil-

312 670 374 716 lia
406 669 616 735 paffuum
642 671 701 718 ab
735 669 876 737 Tago
909 670 1108 718 flumine
1140 669 1399 735 posuerunt
1423 669 1598 733 castra;

310 737 426 786 inde
476 739 614 786 tertia
670 739 834 805 vigilia
883 737 1075 786 sublatis
1127 739 1267 805 {ignis
1298 776 1311 797 ‚
1359 739 1595 804 quadrato

310 808 504 871 agmine
533 808 770 872 principio
803 808 920 855 lucis
950 807 1010 855 ad
1045 805 1170 873 Tagi
1217 809 1371 872 ripam
1409 824 1598 873 perve-

308 890 501 924 nerunt.
536 873 693 922 Trans
723 875 925 924 fluvium
962 876 1009 922 in
1046 876 1171 924 colle
1207 874 1410 923 hostium
1448 875 1596 926 castra

309 959 443 991 erant
475 961 489 1003 ;
522 946 769 1009 extemplo
791 981 805 1003 ,
841 943 932 1010 qua
965 944 1155 991 duobus
1189 944 1306 993 locis
1338 943 1463 992 vada
1495 963 1595 993 nu-

309 1011 454 1059 dabat
489 1014 640 1059 amnis
662 1050 675 1070 ,
706 1012 904 1060 dextera
935 1028 1069 1077 parte
1103 1009 1392 1079 Calpurnius
1417 1050 1431 1071 ‚
1469 1012 1593 1063 laeva

307 1076 545 1144 Quintius
584 1083 845 1129 exercitum
887 1082 1237 1139 traduxerunt,
1283 1083 1450 1147 quieto
1498 1082 1594 1130 ho-

308 1146 410 1208 ste,
443 1147 558 1196 dum
593 1150 789 1196 miratur
817 1148 1018 1199 subitum
1052 1149 1314 1198 adventurn
1341 1187 1354 1208 ‚
1393 1148 1590 1198 consui-

305 1230 473 1282 tatque
514 1234 528 1276 3
571 1219 653 1282 qui
696 1218 952 1266 tumultum
988 1215 1188 1281 injicere
1238 1217 1589 1282 trepidantibus

305 1285 355 1332 in
396 1284 497 1350 ipso
529 1283 724 1336 transitu³
766 1289 917 1334 amnis
957 1285 1197 1351 potuisset.
1237 1283 1433 1333 Interim
1474 1284 1590 1334 Ro-

303 1354 435 1401 mani
472 1352 834 1418 impedimentis
874 1371 1069 1421 quoque
1104 1355 1331 1402 omnibus
1365 1353 1588 1403 traductis

304 1420 678 1487 confitrafflis‘que
716 1424 764 1470 in
805 1441 953 1472 unum
990 1424 1185 1486 locum,
1227 1424 1307 1488 qui
1341 1419 1441 1486 jam
1480 1440 1592 1470 mo-

301 1492 404 1539 veri
437 1490 671 1539 videbant
704 1490 890 1540 hostem
917 1531 928 1550 ,
965 1508 1055 1539 nec
1088 1491 1288 1556 spatium
1315 1504 1416 1544 erat
1443 1488 1590 1540 castra

303 1558 700 1618 communiendi,
739 1562 893 1607 aciem
930 1557 1246 1607 instruxerunt
1280 1575 1293 1615 3
1335 1560 1384 1606 in
1420 1559 1588 1607 medio

299 1627 473 1676 locatae
506 1628 669 1693 quinta
689 1625 939 1694 Calpurnii
965 1628 1123 1694 legio,
1150 1626 1201 1675 ὃ(
1228 1625 1395 1674 octava
1423 1626 1589 1691 Quin-

300 1697 387 1754 tii;
412 1695 460 1743 id
487 1696 634 1743 robur
661 1713 767 1744 toto
793 1698 1005 1744 exercitu
1027 1709 1143 1744 erat.
1168 1693 1414 1760 Campum
1447 1712 1589 1761 aper-

298 1776 400 1812 tum
431 1762 576 1829 usque
609 1763 667 1810 ad
697 1763 903 1813 hostium
933 1762 1080 1812 castra
1109 1763 1354 1812 habebant
1379 1763 1586 1812 liberum

297 1850 326 1881 a
362 1847 495 1880 metu
525 1830 813 1881 insidiarum.

365 1899 558 1949 XXXI.
593 1899 792 1965 Hispani
823 1897 1136 1967 posteaquam
1160 1901 1207 1947 in
1240 1900 1463 1949 citeriore
1484 1900 1585 1967 ripa

298 1968 397 2018 duo
440 1968 777 2017 Romanorum
817 1970 1006 2036 agmina
1052 1967 1408 2032 conspexerunt
1433 2006 1446 2026 ‚
1489 1983 1584 2029 ut,

297 2036 569 2103 priusquam
608 2037 652 2085 se
686 2035 886 2105 jungere
919 2054 1060 2102 atque
1093 2034 1324 2084 instruere
1356 2034 1545 2101 poss‘ent
1569 2075 1584 2098 ‚

297 2121 592 2171 occuparent
618 2123 703 2155 eos
727 2144 740 2165 ,
777 2104 934 2153 castris
963 2105 1164 2171 repente
1197 2102 1329 2153 effusi
1364 2104 1496 2152 cursu
1523 2107 1582 2153 ad

120 2176 512 2242 Acriterpugnam
544 2175 768 2223 tendunt.
803 2174 959 2221 Atrox
999 2176 1045 2221 in
1082 2175 1319 2238 principio
1363 2174 1582 2237 praelium

85 2244 225 2281 iterum
296 2242 417 2303 fuit,
455 2244 506 2291 &
554 2242 776 2308 Hispanis
815 2244 995 2290 recenti
1042 2241 1243 2290 vifiioria
1287 2239 1530 2289 ferocibus
1566 2258 1582 2300 ;

80 2316 232 2356 pugna·
296 2312 349 2360 &
381 2310 566 2360 insueta
592 2310 859 2378 ignominia
895 2310 1043 2358 milite
1074 2309 1305 2357 Romano
1348 2309 1574 2369 accens03

86 2376 166 2404 Μ·
295 2380 529 2429 acerrime
563 2380 724 2428 media
747 2381 873 2427 acies
899 2417 913 2438 ,
946 2379 1049 2427 duae
1074 2374 1336 2426 fortiffimae
1362 2377 1581 2443 legiones

296 2448 592 2506 dimicabant
634 2465 647 2505 3
684 2464 801 2514 quas
846 2464 994 2512 quum
1036 2446 1169 2494 aliter
1227 2447 1416 2494 moveri
1466 2446 1579 2495 loco
1647 2492 1652 2495 ,

295 2535 397 2569 non
440 2513 569 2583 posse
605 2514 747 2564 hostis
780 2513 1033 2574 cerneret,
1071 2531 1229 2563 cuneo
1279 2512 1440 2563 institit
1487 2532 1580 2580 pu-

295 2602 481 2651 gnare:
519 2585 571 2633 &
609 2584 751 2651 usque
787 2584 945 2649 plures
983 2581 1432 2648 confertioresque,
1472 2600 1579 2631 me-

293 2654 402 2704 dios
436 2653 688 2722 urgebant.
723 2652 793 2703 lbi
824 2650 1137 2720 posteaquam
1165 2652 1384 2701 laborare
1420 2652 1576 2698 aciem

1281 2717 1574 2787 Calpurnius
