1670 3068
373 116 726 173 LIBER
822 112 1030 171 XLI.
1207 135 1320 193 179

74 181 86 197 ⁸
111 195 175 247 II.
203 194 304 246 Istri
324 233 338 256 ,
364 212 415 244 ut
445 195 651 260 primum
683 193 743 241 ad
768 193 925 241 lacurn
947 192 1144 244 Timavi
1174 197 1319 246 castra
1336 213 1528 264 [Le-5225,

44 265 144 316 sunt
173 264 396 314 Romana
433 278 603 322 mota,
633 263 718 328 ipfi
764 260 871 326 post
910 262 1087 309 collem
1124 265 1318 313 occulto
1334 259 1528 318 &0173-

44 335 157 384 loco
195 331 551 381 consederunt:
590 330 642 378 ὃς
674 327 785 377 inde
830 328 1037 394 obliquis
1072 331 1316 380 itineribus
1365 326 1530 377 [strim-

43 417 212 469 agmen
239 400 554 465 sequebantur
571 435 585 457 ‚
609 399 659 446 in
678 413 878 446 omnem
909 396 1214 446 occasionem
1236 401 1311 447 in—
1328 388 1490 427 malcum

45 470 162 520 tenti
196 485 206 515 :
237 485 325 516 nec
355 469 612 533 quicquam
645 482 732 515 eos
756 503 772 526 ,
807 482 913 531 quae
941 466 1068 513 terrai
1100 468 1315 532 marique
1331 462 1465 520 fream
1500 508 1509 517 .

45 552 294 603 agerentur
315 573 328 594 ‚
353 535 565 583 fallebat.
601 532 859 599 Postquam
897 531 1125 582 stationes
1149 526 1371 611 invali-ll'g
1393 510 1528 610 castrfss

46 605 125 654 das
156 602 248 652 esse
274 620 362 668 pro
386 601 540 652 castris
561 640 575 662 ,
599 617 630 664 7
657 619 827 650 eorum
850 601 988 649 turba
1006 603 1200 651 inermis
1224 602 1320 652 fre·
1375 586 1500 612 otnant

45 688 191 738 quens
231 671 354 719 inter
390 668 536 718 castra
574 669 626 718 &
665 685 795 718 mare
835 673 1150 717 mercantium
1174 707 1188 731 ‚
1223 668 1323 721 fine

45 739 140 788 ullo
171 737 374 787 terrestri
413 753 493 786 aut
531 737 773 785 maritimo
814 738 1121 786 munimento
1174 739 1323 788 vide-

44 820 150 856 runt
175 823 188 865 ;
210 806 306 855 duo
335 805 468 854 simul
500 803 740 870 praesidia,
764 803 1053 853 Placentinae
1075 804 1319 867 cohortiS,

47 875 100 924 &
133 875 488 940 manipulorum
514 872 730 921 secundae
765 873 969 939 legionis
991 910 1007 933 ‚
1036 875 1324 940 aggrediun-

44 956 132 992 tur.
165 941 354 991 Nebula
389 944 622 990 matutina
658 955 844 990 texerat
888 943 1140 1007 inceptum
1172 960 1182 990 :
1223 944 1321 1008 qu&

43 1010 282 1060 dilabente
319 1010 379 1058 ad
415 1011 623 1076 primum
654 1023 880 1076 teporem
910 1008 1020 1058 solis
1043 1047 1056 1069 ,
1089 1009 1118 1058 ‘8
1156 1012 1322 1077 perlu-

41 1094 154 1127 cens
172 1077 268 1143 jam
289 1079 466 1144 aliquid
484 1116 498 1137 ‚
519 1080 699 1127 incerta
717 1092 881 1126 tamen
907 1115 922 1139 ,
950 1091 1000 1125 ut
1029 1076 1150 1126 solet
1169 1117 1183 1139 ‚
1207 1078 1286 1127 lux
1304 1115 1322 1141 ,

43 1146 247 1212 speciem
298 1149 515 1195 omnium
573 1146 890 1210 multiplicem
951 1147 1154 1194 intuenti
1208 1147 1323 1195 red-

43 1215 160 1264 dens
180 1252 194 1273 ‚
226 1229 328 1263 tum
366 1230 560 1281 quoque
595 1212 810 1262 frustrata
839 1213 1092 1262 Romanos
1117 1251 1130 1272 ‚
1160 1215 1322 1264 multo

46 1281 280 1346 majorem
307 1284 360 1331 iis
381 1282 526 1348 quum
549 1297 649 1330 erat
672 1280 878 1330 hostium
903 1283 1055 1330 aciem
1077 1281 1284 1331 ostendit
1310 1300 1325 1331 ε

43 1353 136 1417 qua
171 1353 319 1400 territi
362 1350 597 1415 utriusque
637 1348 848 1398 stationis
887 1349 1061 1398 milites
1086 1387 1100 1410 ‚
1137 1352 1324 1416 ingenti

44 1421 250 1468 tumultu
298 1436 443 1485 quum
485 1421 532 1467 in
585 1417 732 1466 castra
785 1415 1102 1484 confugissent
1133 1455 1146 1476 ‚
1191 1418 1320 1467 haud

44 1487 188 1552 paulo
217 1487 282 1535 ibi
313 1487 449 1553 plus,
484 1483 626 1553 quum
660 1486 794 1551 quod
834 1484 994 1534 secum
1025 1485 1109 1551 ipsi
1143 1487 1321 1535 attule-

45 1570 182 1613 rant,
200 1557 394 1604 terroris
411 1555 648 1603 fecerunt.
683 1553 808 1602 Nam
830 1570 988 1619 neque
1009 1553 1168 1603 (licere
1203 1554 1322 1621 quid

43 1621 265 1688 fugissent
283 1659 298 1679 ‚
321 1640 411 1671 nec
446 1621 859 1688 percunctantibus
890 1621 1094 1671 reddere
1120 1621 1323 1688 respon—

44 1688 144 1738 sum
186 1704 411 1755 poterant
451 1706 463 1738 t
512 1690 562 1738 &
614 1689 795 1737 clamor
840 1691 889 1737 in
925 1691 1078 1754 portis
1108 1687 1208 1755 (ut
1238 1690 1322 1739 ubi

45 1758 172 1806 nulla
193 1756 305 1806 esset
326 1756 461 1806 statio
481 1794 495 1816 ,
531 1774 634 1823 quae
657 1756 896 1806 sustineret
928 1756 1205 1824 impetum)
1240 1777 1323 1807 au-

47 1825 302 1875 diebatur:
340 1827 392 1874 &
440 1825 739 1874 concursatio
775 1827 822 1874 in
857 1823 1059 1874 obscuro
1099 1826 1323 1876 inciden-

43 1894 161 1942 tium
194 1893 396 1943 aliorum
437 1895 484 1941 in
524 1894 643 1942 alios
669 1931 682 1953 ‚
725 1895 963 1942 incertum
1002 1892 1182 1943 fecerat
1206 1932 1223 1952 ,
1260 1912 1322 1943 an

46 1959 186 2010 hostis
216 1964 336 2010 intra
365 1961 544 2009 vallum
577 1961 706 2010 ess'et.
728 1961 838 2010 Una
872 1979 974 2011 vox
1004 1962 1286 2012 audiebatur
1305 2001 1319 2024 ‚
1357 1987 1530 2028 puoh&

49 2029 109 2078 ad
141 2046 271 2078 mare
305 2031 603 2079 vocantium.
639 2029 695 2077 Id
728 2029 855 2078 forte
893 2044 1078 2078 temere
1116 2031 1175 2078 ab
1217 2049 1315 2080 uno
1330 2023 1503 2090 adprime

37 2097 364 2149 exclamatum
385 2098 498 2148 totis
528 2095 695 2164 paffim
718 2097 1004 2163 personabat
1023 2097 1196 2147 castris.
1223 2098 1318 2149 Ita·
1333 2111 1531 2154 Romani‚.

112 2236 138 2274 7
174 2222 321 2264 Eorum
356 2222 468 2262 turba
497 2222 652 2262 inermis
778 2223 802 2263 8
820 2221 1124 2274 Perlucensjam
1145 2224 1322 2278 aliquid,

45 2281 253 2338 frequens]
277 2285 385 2338 Lege
404 2283 553 2337 :forum
571 2296 652 2322 tur·
716 2283 867 2324 incerta
904 2297 1030 2324 tamen
1053 2312 1063 2331 ,
1104 2297 1146 2323 ut
1178 2282 1283 2340 solet
1301 2315 1317 2331 ,

54 2345 103 2383 hd
154 2345 287 2385 inermi
324 2344 506 2398 frequens
553 2345 657 2384 inter
716 2345 830 2399 lux]
872 2345 958 2385 Lux
997 2344 1075 2398 jam
1112 2347 1240 2400 aliqua
1274 2361 1329 2389 ex

54 2405 176 2455 castra
208 2406 243 2445 δ’
264 2421 364 2445 mare
388 2407 652 2447 mercantium.
718 2418 832 2460 parte
868 2421 1130 2460 perrumpens
1171 2407 1328 2447 obstan-

57 2466 197 2506 Forum
225 2467 404 2521 intellige
438 2468 658 2521 emporium
722 2470 774 2509 tia
797 2497 808 2517 ‚
831 2469 984 2509 incerta
1017 2478 1149 2507 tamen
1165 2500 1175 2518 ,
1198 2479 1240 2509 ut
1262 2470 1334 2510 so-

59 2527 152 2566 illud
177 2555 188 2574 ,
227 2528 335 2580 quod
366 2530 476 2568 brevi
505 2529 659 2580 perfre·
723 2531 779 2569 let
811 2529 887 2569 effe
905 2561 916 2579 ‚
944 2544 1061 2583 quum
1086 2530 1243 2569 nebulis
1271 2531 1335 2571 dis-

61 2602 184 2641 quens
226 2589 370 2629 fastum
411 2590 520 2630 suiffe
563 2590 661 2632 dixit
723 2592 951 2632 labentibus
984 2591 1080 2630 oriri
1111 2590 1271 2645 incipit,

63 2649 174 2703 supra
207 2649 357 2693 Livius.

926 2709 973 2757 H
1012 2707 1066 2773 ἡ
