1670 3068
317 127 440 182 424
603 107 657 165 T
706 128 729 165 1
773 124 812 164 T
858 126 882 163 1
980 107 1025 162 L
1074 123 1098 162 1
1144 121 1188 161 v
1234 122 1255 159 1
1304 125 1329 162 1

103 192 282 247 U.c.584
317 189 428 238 dem
475 188 762 257 phalangem
811 186 1121 253 appellabant
1161 204 1172 232 ε
1228 184 1399 233 dele&
1445 197 1593 250 quot-

104 250 290 295 3·C·168-
315 273 434 324 quot
467 258 642 306 robore
672 275 724 305 ac
751 258 926 306 virtute
963 250 1249 318 praestabant
1285 289 1300 312 ‚
1350 252 1594 318 fulgentes

313 327 488 375 auratis
521 328 661 374 armis
684 323 892 390 sagisqne
920 321 1154 387 puniceis.
1190 317 1259 367 Ea
1284 320 1442 368 media
1472 321 1597 369 acies

313 392 420 442 fuit.
455 393 561 443 Hos
595 394 915 458 sequebantur
938 427 953 449 ‚
986 406 1108 454 quos
1136 387 1194 435 ab
1229 391 1364 436 aereis
1399 387 1597 436 lucidis-

315 479 411 527 que
445 462 636 528 clypeis
671 457 1010 522 Chalcaspidas
1036 456 1261 505 dicebant
1283 494 1300 517 ‚
1335 471 1415 504 aut
1447 455 1599 522 Agla-

312 529 487 595 spidas.
532 529 651 576 Haec
684 526 890 592 phalanx
935 523 1066 589 juxta
1099 525 1298 572 alteram
1336 526 1385 571 in
1422 523 1596 573 dextro

313 614 462 645 cornu
495 597 653 646 locata
690 593 772 644 est.
821 593 997 642 Praeter
1031 593 1155 641 hanc
1185 607 1439 657 utramque
1474 592 1616 657 phas
1666 619 1670 631 ·

1666 634 1670 664 !

312 666 506 732 langem
527 703 540 724 ‚
570 664 703 729 quod
725 664 1018 730 praecipuum
1044 660 1194 708 robur
1221 675 1323 709 erat
1346 659 1595 709 Macedo·

311 736 406 781 nici
437 731 673 782 exercitus
707 769 720 791 ,
763 731 931 780 cetrati
964 767 979 789 ,
1033 727 1337 778 Macedones
1373 729 1426 777 &
1464 728 1549 794 ipsi
1580 766 1596 789 ,
1666 742 1668 747 ·

314 799 489 850 sariffas
527 816 753 868 gerentes
792 796 1210 865 quemadmodum
1259 796 1550 863 phalangitae
1582 834 1598 858 ‚
1666 812 1670 850 4

311 884 471 919 cetera
502 870 655 918 levius
696 869 906 925 armati,
948 868 997 915 in
1039 882 1222 915 cornua
1256 865 1391 914 divisi
1430 878 1602 926 erant,

1665 899 1670 922 i

309 953 420 987 ante
468 939 702 1003 reliquam
751 938 906 984 aciem
955 931 1158 1000 projeffi
1209 933 1259 981 ὃ(
1305 935 1597 983 eminentes.
1668 974 1670 978 Α

306 1005 549 1072 Fulgebat
574 1021 769 1070 campus
788 1021 1031 1052 armorum
1051 1001 1341 1068 splendore:
1367 1003 1605 1051 clamori„-
1668 1035 1670 1039 -

307 1073 396 1122 bus
418 1075 775 1122 cohortantium
799 1070 895 1121 sese
916 1073 1131 1120 invicem
1150 1072 1297 1119 vicini
1316 1071 1465 1120 colles
1487 1088 1598 1136 per-

307 1140 562 1191 sonabant.
604 1141 789 1190 Harum
820 1142 1037 1188 omniurn
1064 1140 1313 1206 copiarum
1338 1139 1596 1206 prodeun-
1666 1203 1668 1208 Ι

307 1212 428 1259 tium
463 1213 510 1259 in
545 1228 758 1276 pugnam
796 1225 851 1258 ea
887 1207 975 1257 fuit
1007 1208 1230 1257 celeritas
1263 1207 1314 1256 &
1348 1207 1544 1256 audacia
1578 1245 1596 1267 ,

307 1294 360 1327 ut
378 1281 455 1345 qui
477 1281 620 1345 primi
640 1276 877 1327 interfeffi
894 1275 998 1325 sunt
1019 1314 1031 1337 ‚
1050 1276 1111 1324 ad
1131 1277 1367 1325 ducentos
1389 1277 1439 1325 ἃ
1459 1277 1598 1342 quin-

307 1351 531 1414 quaginta
562 1345 716 1413 paffus
742 1364 768 1394 a
795 1344 1030 1394 Romanis
1056 1344 1213 1393 castris
1239 1344 1489 1394 caderent.

145 1427 290 1484 stupet
381 1429 424 1479 ξ.
460 1414 868 1482 progrediebatur
908 1415 1102 1463 interim
1140 1413 1402 1463 AEmilius:
1445 1428 1595 1477 utque
1668 1412 1670 1445 f

95 1490 288 1531 ..AEmizius
307 1483 524 1549 adspexit
557 1500 704 1549 quum
740 1483 954 1549 reliquos
987 1480 1292 1531 Macedonas
1313 1518 1327 1541 ‚
1370 1494 1472 1529 tum
1508 1497 1596 1529 eos
1668 1483 1670 1530 J

97 1551 150 1587 ad
166 1567 256 1593 con·
309 1554 388 1618 qui
414 1555 459 1601 in
482 1552 775 1619 phalangem
807 1550 1072 1599 contributi
1090 1564 1226 1598 erant
1247 1587 1261 1610 ,
1284 1551 1459 1615 partim
1486 1549 1595 1614 cly-

90 1608 260 1663 siwfflm
307 1621 443 1686 peis,
479 1623 654 1686 partim
688 1620 829 1668 cetris
864 1635 924 1668 ex
956 1618 1161 1666 humero
1199 1616 1419 1666 detraffis
1450 1656 1464 1679 ‚
1516 1636 1591 1665 m-

90 1676 263 1742 paulam
306 1689 584 1754 clinatisque
620 1706 719 1736 uno
756 1686 890 1755 figno
920 1684 1085 1735 sariffis
1107 1723 1122 1746 ‚
1149 1688 1447 1751 excipientes
1479 1684 1590 1735 Ro-

91 1748 168 1790 gzs.
304 1762 563 1805 manorum
587 1757 828 1821 impetum
857 1792 870 1816 ,
908 1755 1170 1803 admiratus
1188 1754 1389 1803 &illam
1414 1753 1613 1803 densa-⁷

301 1838 460 1873 torum
482 1844 504 1872 a
544 1826 727 1873 minum
757 1822 1037 1873 firmitatem
1056 1860 1072 1883 ‚
1099 1823 1152 1871 δι’.
1175 1822 1355 1871 vallum
1380 1839 1590 1889 proten-

298 1895 357 1943 tis
395 1842 559 1941 sariss÷s
603 1893 805 1941 horrens
829 1930 844 1953 ‚
882 1890 1077 1959 stupore
1114 1889 1251 1939 simul
1297 1909 1352 1939 ac
1407 1907 1597 1940 terrore·

296 1960 541 2028 perculsus
567 1960 660 2021 est,
684 1976 933 2027 tamquam
963 1978 1065 2009 non
1087 1958 1215 2007 aliud
1240 1977 1467 2025 umquam
1489 1975 1591 2007 tam

298 2030 513 2079 terribile
548 2028 872 2096 spe&aculum
909 2029 1211 2094 conspicatus
1235 2045 1246 2076 ε
1276 2045 1329 2076 ac
1351 2027 1516 2094 postea
1542 2027 1589 2076 id

298 2097 467 2164 saepius
499 2114 891 2147 commemorare
933 2098 984 2146 &
1034 2114 1132 2162 prae
1178 2095 1227 2145 se
1262 2095 1386 2145 ferre
1421 2095 1588 2145 solitus

299 2165 387 2215 est.
432 2164 565 2215 Tum
605 2167 733 2215 verb
775 2164 942 2215 sedulo
985 2163 1279 2213 diffimulans
1322 2165 1591 2230 perturbati

300 2235 446 2284 animi
466 2250 654 2283 motum
680 2271 694 2293 ‚
729 2234 863 2283 vultu
895 2233 1067 2283 sereno
1101 2250 1155 2281 ac
1190 2233 1353 2282 secura
1390 2231 1590 2293 fronte,

302 2303 358 2352 &
390 2306 548 2369 capite
587 2303 640 2351 &
681 2318 892 2367 corpore
926 2300 1106 2351 intefio
1128 2302 1281 2350 aciem
1312 2299 1588 2350 instruebat.

127 2376 279 2436 Pugna·
301 2370 408 2420 Jam
437 2370 713 2438 pugnabant
749 2370 934 2436 Peligni
967 2370 1201 2419 adversus
1223 2368 1473 2436 oppositos
1497 2368 1586 2429 fibi

89 2453 154 2479 zur
175 2457 284 2483 acer·
302 2454 512 2488 cetratos
531 2477 546 2500 ‚
577 2455 825 2506 quumque
847 2439 928 2489 diu
949 2438 1248 2504 multumque
1273 2437 1454 2487 connisi
1472 2455 1588 2503 per·-

88 2501 198 2544 rime.
300 2524 527 2572 rumpere
549 2506 825 2556 confertum
847 2523 1022 2575 agmen
1041 2524 1139 2556 non
1163 2505 1382 2573 possent,
1402 2505 1552 2555 Salius
1568 2543 1587 2567 ,

300 2577 380 2640 qui
403 2575 628 2643 Pelignos
651 2575 860 2624 ducebat
882 2613 898 2638 ,
933 2590 1179 2641 arreptum
1203 2573 1388 2642 signum
1417 2576 1465 2624 in
1495 2575 1587 2622 ho-

297 2643 392 2694 stes
414 2643 552 2696 misr-t.
591 2645 689 2697 Hic
718 2647 888 2712 ingens
921 2643 1176 2696 accensum
1205 2658 1451 2694 certamen
1475 2641 1541 2693 est
1564 2679 1585 2704 ,
