1670 3068
329 125 454 180 404
619 106 1314 166 T1T1L1v11
1599 141 1611 167 2

128 187 582 251 U‚0,534loniatium
614 207 754 256 agros
805 189 1128 255 populandos.
1188 188 1318 237 Tum
1356 188 1505 239 claffis
1550 190 1610 239 ad

131 258 220 298 &C-
233 256 303 296 163
333 255 488 322 [oram
505 256 631 305 haud
648 259 816 324 procul
832 257 1100 322 Apollonia
1112 255 1277 305 stabat.
1292 257 1401 305 Huc
1418 261 1616 308 recurrit

159 315 299 369 Suppl.
337 324 569 385 Anicius,
605 344 658 373 ac
681 327 820 373 brevi
853 323 1119 389 affequutus
1150 323 1345 390 Illyrios
1376 326 1616 391 praedato-

336 409 412 440 res
430 430 444 453 ‚
475 392 846 459 congressusque
866 409 972 439 cum
1000 393 1096 449 eis,
1119 392 1169 440 &
1194 393 1381 458 perlevi
1413 396 1614 460 negotio

337 460 524 520 victor,
559 462 744 525 aliquot
777 476 928 508 naves
969 457 1176 508 hostium
1209 464 1338 526 cepit
1368 499 1382 520 ‚
1436 477 1616 510 ceteras

338 543 562 592 repetere
603 527 851 593 Illyricum
902 529 1078 594 coegit.
1108 527 1252 577 ‘Inde
1288 531 1335 576 in
1381 527 1526 577 castra
1559 530 1618 580 ad

339 594 623 645 Genusuum
645 593 875 661 regreffus
894 632 908 654 ‚
942 596 1002 642 ad
1028 593 1369 645 Bassanitarum
1395 598 1619 647 auxilium

339 665 636 730 properavit.
690 663 806 711 Non
851 662 1060 711 sustinuit
1103 663 1281 712 famam
1318 665 1620 726 adventantis

343 732 563 797 praetoris
600 729 810 780 Gentius
847 768 862 790 ‚
917 731 1163 798 solutaque
1196 731 1448 781 obsidione
1497 733 1622 783 Sco-

345 800 481 847 dram
515 798 559 848 se
586 801 790 848 contulit
823 814 921 847 tam
958 801 1147 864 trepida
1178 799 1287 866 fuga
1311 838 1326 860 ‚
1366 817 1416 849 ut
1453 819 1513 850 ne
1545 816 1622 868 toy

345 883 446 917 tum
471 868 667 932 quidem
697 869 961 916 exercitum
997 868 1272 916 abduceret.
1312 868 1494 935 Magna
1516 887 1625 935 pars

345 935 593 1000 copiarum
616 972 630 995 ,
666 953 771 1000 quae
801 973 815 995 ‚
857 934 892 983 fi
931 935 1024 983 dux
1061 934 1264 1001 praesens
1304 936 1625 988 confirmasset

346 1005 535 1051 animos
556 1040 570 1060 ‚
608 1006 786 1062 morani
816 1002 1070 1053 Romanos
1097 1019 1322 1070 poterant
1346 1042 1361 1066 ,
1394 1004 1540 1072 amo]
1573 1020 1624 1056 to

351 1088 412 1120 eo
449 1070 748 1119 tradiderunt
781 1070 845 1120 se.

421 1137 609 1187 XXXI.
630 1137 879 1205 Deinceps
908 1139 958 1189 &
982 1139 1123 1189 urbes
1143 1141 1354 1207 regionis
1375 1138 1477 1205 ejus
1497 1140 1626 1191 idem

353 1205 599 1257 faciebant
623 1244 637 1267 ,
671 1206 929 1272 adjuvante
957 1209 1320 1257 inclinationem
1360 1211 1632 1258 animorum

356 1274 614 1324 clementia
640 1277 688 1323 in
707 1294 878 1325 omnes
903 1275 953 1324 δέ
980 1275 1152 1339 justitia
1169 1279 1387 1341 praetoris
1403 1277 1630 1328 Romani.

355 1342 439 1392 Ad
476 1342 709 1393 Scodram
745 1344 857 1392 inde
885 1360 1082 1393 ventum
1121 1345 1222 1404 est,
1258 1345 1306 1392 id
1349 1346 1482 1409 quod
1517 1346 1633 1409 belli

356 1426 500 1477 caput
531 1410 728 1461 fuerat:
770 1430 870 1460 non
909 1428 970 1460 eo
1009 1412 1159 1460 solum
1191 1450 1206 1471 ,
1251 1413 1383 1479 quod
1423 1412 1629 1463 Gentius

357 1496 467 1528 eam
493 1478 576 1528 fibi
605 1495 800 1546 ceperat
824 1480 960 1528 velut
984 1482 1119 1546 regni
1142 1482 1289 1529 totius
1321 1498 1480 1530 arcem
1505 1520 1518 1543 ‚
1551 1481 1632 1532 se'd

354 1549 501 1597 etiam
525 1548 658 1614 quod
689 1547 975 1598 Labeatium
1008 1549 1163 1615 gentis
1196 1547 1502 1599 munitiffima
1526 1550 1633 1599 lon-

355 1615 416 1683 ge
451 1614 518 1665 est
551 1616 600 1664 &
634 1615 837 1666 difficilis
866 1618 1012 1666 aditu.
1046 1616 1164 1666 Duo
1195 1619 1388 1685 cingunt
1413 1635 1520 1667 eam
1543 1619 1636 1669 flu-

356 1685 487 1733 mina
508 1722 521 1744 ,
554 1682 774 1733 Clausala
806 1687 954 1734 latere
986 1686 1109 1734 urbis
1143 1687 1274 1753 quod
1308 1689 1353 1734 in
1376 1683 1634 1741 Orientem

356 1767 494 1818 patet
516 1754 768 1818 praefluens
791 1792 803 1811 ‚
835 1753 1051 1802 Barbam
1074 1755 1131 1801 ab
1161 1757 1362 1821 regione
1386 1754 1634 1804 Occiden-

357 1822 417 1869 tis
438 1857 452 1879 ,
485 1837 544 1869 ex
578 1821 839 1870 Labeatide
864 1822 1037 1887 palude
1065 1824 1253 1880 ox‘ien53
1278 1824 1324 1869 hi
1351 1822 1448 1871 duo
1473 1840 1640 1872 amnes

358 1889 662 1939 confluentes
695 1891 913 1938 incidunt
964 1888 1174 1938 Oriundi
1223 1891 1408 1938 flumini
1438 1907 1451 1949 ;
1505 1890 1636 1958 quod

360 1972 520 2006 ortum
548 1974 607 2006 ex
639 1973 805 2007 monte
850 1958 1040 2006 Scordo
1074 1995 1088 2017 ,
1138 1959 1301 2006 multis
1337 1958 1387 2006 &
1417 1959 1517 2006 aliis
1549 1975 1638 2007 au-

361 2023 489 2073 &um
517 2027 650 2091 aquis
670 2028 785 2074 mari
805 2024 1058 2075 Adriatico
1082 2026 1298 2075 infertur.
1326 2026 1475 2075 Mons
1496 2025 1639 2076 Scor-

361 2093 452 2141 dus
479 2093 625 2160 longe
668 2092 911 2143 altiffimus
933 2096 1143 2161 regionis
1168 2093 1271 2158 ejus
1297 2131 1309 2154 ,
1343 2095 1402 2142 ab
1437 2092 1640 2144 Oriente

359 2159 660 2209 Dardaniam
691 2160 949 2225 subjectam
970 2162 1150 2222 habet,
1182 2181 1206 2210 a
1236 2162 1438 2211 meridie
1470 2162 1638 2213 Mace-

362 2229 560 2277 doniam
589 2267 603 2288 ‚
631 2229 688 2277 ab
712 2229 883 2278 occasu
904 2230 1167 2296 Illyricum.
1194 2230 1506 2296 Quamquam
1529 2242 1638 2280 mu-

361 2298 515 2346 nitum
549 2295 637 2345 fitu
669 2299 869 2346 naturali
903 2299 1138 2364 oppidum
1172 2314 1272 2347 erat
1304 2336 1316 2357 ‚
1352 2298 1560 2366 gensque
1591 2298 1638 2348 id
1669 2307 1670 2326 ³

363 2380 467 2415 tota
500 2364 781 2431 Illyriorum
819 2367 870 2414 ὅ(
909 2384 992 2415 rex
1027 2365 1125 2431 ipse
1163 2367 1385 2415 tuebatur
1421 2404 1435 2426 ‚
1477 2383 1639 2416 tamen

364 2447 545 2500 praetor
562 2431 814 2482 Romanus
836 2471 850 2493 ,
887 2436 997 2498 quia
1024 2437 1177 2500 prima
1200 2433 1512 2483 successerant
1531 2452 1642 2500 pro-

365 2501 503 2567 spere
521 2539 536 2562 ,
558 2501 801 2550 fortunam
825 2505 970 2550 totius
990 2505 1059 2550 rei
1091 2503 1323 2568 principia
1342 2502 1638 2568 sequuturam

367 2568 460 2618 effe
487 2584 610 2618 ratus
638 2607 653 2629 ‚
685 2570 732 2617 ἃ
757 2572 1061 2635 repentinum
1094 2571 1351 2618 valiturum
1374 2587 1606 2618 terrorem
1625 2607 1640 2630 ,

367 2636 587 2687 instrusto
621 2640 831 2688 exercitu
878 2638 937 2688 ad
973 2641 1154 2688 moenia
1202 2637 1429 2688 succedit.
1487 2637 1643 2703 Quod
