<?xml version="1.0" encoding="UTF-8"?>
<!DOCTYPE html PUBLIC "-//W3C//DTD XHTML 1.0 Transitional//EN"
    "http://www.w3.org/TR/xhtml1/DTD/xhtml1-transitional.dtd">
<html xmlns="http://www.w3.org/1999/xhtml" xml:lang="en" lang="en">
 <head>
  <title>
</title>
<meta http-equiv="Content-Type" content="text/html;charset=utf-8" />
  <meta name='ocr-system' content='tesseract 3.04.00' />
  <meta name='ocr-capabilities' content='ocr_page ocr_carea ocr_par ocr_line ocrx_word'/>
</head>
<body>
  <div class='ocr_page' id='page_1' title='image "./tliviipatavinihi0302livy/tliviipatavinihi0302livy_0400.png"; bbox 0 0 1670 3068; ppageno 0'>
   <div class='ocr_carea' id='block_1_1' title="bbox 96 195 288 297">
    <p class='ocr_par' dir='ltr' id='par_1_1' title="bbox 96 195 288 297">
     <span class='ocr_line' id='line_1_1' title="bbox 96 195 288 245; baseline -0.005 -7"><span class='ocrx_word' id='word_1_1' title='bbox 96 195 288 245; x_wconf 48' lang='lat' dir='ltr'><strong>[lx-534-</strong></span> 
     </span>
     <span class='ocr_line' id='line_1_2' title="bbox 97 251 288 297; baseline 0.005 -3"><span class='ocrx_word' id='word_1_2' title='bbox 97 251 288 297; x_wconf 52' lang='lat' dir='ltr'><strong>aenos.</strong></span> 
     </span>
    </p>
   </div>
   <div class='ocr_carea' id='block_1_2' title="bbox 150 523 294 565">
    <p class='ocr_par' dir='ltr' id='par_1_2' title="bbox 150 523 294 565">
     <span class='ocr_line' id='line_1_3' title="bbox 150 523 294 565; baseline 0.008 -1"><span class='ocrx_word' id='word_1_3' title='bbox 150 523 294 565; x_wconf 80' lang='lat' dir='ltr'><strong>Gallo-</strong></span> 
     </span>
    </p>
   </div>
   <div class='ocr_carea' id='block_1_3' title="bbox 99 602 293 690">
    <p class='ocr_par' dir='ltr' id='par_1_3' title="bbox 99 602 280 690">
     <span class='ocr_line' id='line_1_4' title="bbox 99 602 280 628; baseline -0.006 0"><span class='ocrx_word' id='word_1_4' title='bbox 99 602 182 628; x_wconf 82' lang='lat' dir='ltr'><strong>rum</strong></span> <span class='ocrx_word' id='word_1_5' title='bbox 210 603 280 627; x_wconf 84' lang='grc' dir='ltr'><em>αιι-</em></span> 
     </span>
     <span class='ocr_line' id='line_1_5' title="bbox 99 649 293 690; baseline 0.006 -1"><span class='ocrx_word' id='word_1_6' title='bbox 99 649 204 689; x_wconf 78' lang='lat' dir='ltr'><strong>xilia</strong></span> <span class='ocrx_word' id='word_1_7' title='bbox 233 665 293 690; x_wconf 85' lang='lat' dir='ltr'><strong>re-</strong></span> 
     </span>
    </p>
   </div>
   <div class='ocr_carea' id='block_1_4' title="bbox 99 708 224 765">
    <p class='ocr_par' dir='ltr' id='par_1_4' title="bbox 99 708 224 765">
     <span class='ocr_line' id='line_1_6' title="bbox 99 708 224 765; baseline 0.008 -15"><span class='ocrx_word' id='word_1_8' title='bbox 99 708 224 765; x_wconf 81' lang='lat' dir='ltr'><em>cusat.</em></span> 
     </span>
    </p>
   </div>
   <div class='ocr_carea' id='block_1_5' title="bbox 302 99 1629 2228">
    <p class='ocr_par' dir='ltr' id='par_1_5' title="bbox 308 99 1287 174">
     <span class='ocr_line' id='line_1_7' title="bbox 308 99 1287 174; baseline 0.003 -18"><span class='ocrx_word' id='word_1_9' title='bbox 308 102 421 174; x_wconf 77' lang='lat'><strong>396</strong></span> <span class='ocrx_word' id='word_1_10' title='bbox 589 99 1287 159; x_wconf 24' lang='lat' dir='ltr'><strong>TITIMLI‘VII</strong></span> 
     </span>
    </p>

    <p class='ocr_par' dir='ltr' id='par_1_6' title="bbox 302 178 1629 2228">
     <span class='ocr_line' id='line_1_8' title="bbox 302 178 1594 248; baseline 0.005 -21"><span class='ocrx_word' id='word_1_11' title='bbox 302 182 438 246; x_wconf 79' lang='lat' dir='ltr'><strong>regni</strong></span> <span class='ocrx_word' id='word_1_12' title='bbox 469 180 751 230; x_wconf 83' lang='lat' dir='ltr'><strong>redimenda</strong></span> <span class='ocrx_word' id='word_1_13' title='bbox 777 178 892 230; x_wconf 76' lang='lat' dir='ltr'><strong>effer</strong></span> <span class='ocrx_word' id='word_1_14' title='bbox 916 219 930 243; x_wconf 86' lang='lat'><strong>,</strong></span> <span class='ocrx_word' id='word_1_15' title='bbox 966 196 1047 230; x_wconf 85' lang='lat' dir='ltr'><strong>aut</strong></span> <span class='ocrx_word' id='word_1_16' title='bbox 1079 182 1312 248; x_wconf 88' lang='lat' dir='ltr'><strong>deceptus</strong></span> <span class='ocrx_word' id='word_1_17' title='bbox 1344 196 1373 245; x_wconf 89' lang='lat'>9</span> <span class='ocrx_word' id='word_1_18' title='bbox 1396 192 1594 247; x_wconf 52' lang='lat' dir='ltr'><strong>protraa-</strong></span> 
     </span>
     <span class='ocr_line' id='line_1_9' title="bbox 303 248 1620 309; baseline 0.003 -13"><span class='ocrx_word' id='word_1_19' title='bbox 303 248 419 297; x_wconf 85' lang='lat' dir='ltr'><strong>here</strong></span> <span class='ocrx_word' id='word_1_20' title='bbox 439 249 684 298; x_wconf 85' lang='lat' dir='ltr'><strong>inimicum</strong></span> <span class='ocrx_word' id='word_1_21' title='bbox 708 250 933 298; x_wconf 83' lang='lat' dir='ltr'><strong>mercede</strong></span> <span class='ocrx_word' id='word_1_22' title='bbox 957 248 1179 298; x_wconf 86' lang='lat' dir='ltr'><strong>onustum</strong></span> <span class='ocrx_word' id='word_1_23' title='bbox 1199 287 1214 309; x_wconf 87' lang='lat'>,</span> <span class='ocrx_word' id='word_1_24' title='bbox 1245 250 1296 298; x_wconf 88' lang='lat'>&amp;</span> <span class='ocrx_word' id='word_1_25' title='bbox 1314 249 1470 298; x_wconf 89' lang='lat' dir='ltr'><strong>hostes</strong></span> <span class='ocrx_word' id='word_1_26' title='bbox 1490 267 1588 300; x_wconf 89' lang='lat' dir='ltr'><strong>me·</strong></span> <span class='ocrx_word' id='word_1_27' title='bbox 1613 274 1620 283; x_wconf 70' lang='lat'><em>¹</em></span> 
     </span>
     <span class='ocr_line' id='line_1_10' title="bbox 303 315 1621 383; baseline 0.002 -19"><span class='ocrx_word' id='word_1_28' title='bbox 303 317 397 365; x_wconf 75' lang='lat' dir='ltr'><strong>rito</strong></span> <span class='ocrx_word' id='word_1_29' title='bbox 419 319 464 365; x_wconf 86' lang='lat' dir='ltr'><strong>ei</strong></span> <span class='ocrx_word' id='word_1_30' title='bbox 482 315 735 367; x_wconf 79' lang='lat' dir='ltr'><strong>Romanos</strong></span> <span class='ocrx_word' id='word_1_31' title='bbox 757 317 912 383; x_wconf 85' lang='lat' dir='ltr'><strong>posset</strong></span> <span class='ocrx_word' id='word_1_32' title='bbox 928 316 1087 366; x_wconf 86' lang='lat' dir='ltr'><strong>facere</strong></span> <span class='ocrx_word' id='word_1_33' title='bbox 1109 335 1121 364; x_wconf 89' lang='lat'>:</span> <span class='ocrx_word' id='word_1_34' title='bbox 1146 317 1229 366; x_wconf 91' lang='lat' dir='ltr'><strong>sed</strong></span> <span class='ocrx_word' id='word_1_35' title='bbox 1251 319 1399 366; x_wconf 82' lang='lat' dir='ltr'><strong>etiam</strong></span> <span class='ocrx_word' id='word_1_36' title='bbox 1419 316 1591 367; x_wconf 84' lang='lat' dir='ltr'><strong>Gentii</strong></span> <span class='ocrx_word' id='word_1_37' title='bbox 1615 345 1621 359; x_wconf 83' lang='lat'><strong>-.</strong></span> 
     </span>
     <span class='ocr_line' id='line_1_11' title="bbox 304 383 1588 452; baseline 0.002 -20"><span class='ocrx_word' id='word_1_38' title='bbox 304 386 430 452; x_wconf 80' lang='lat' dir='ltr'><strong>regis</strong></span> <span class='ocrx_word' id='word_1_39' title='bbox 463 402 627 451; x_wconf 77' lang='lat' dir='ltr'><strong>parata</strong></span> <span class='ocrx_word' id='word_1_40' title='bbox 654 385 856 434; x_wconf 85' lang='lat' dir='ltr'><strong>societas</strong></span> <span class='ocrx_word' id='word_1_41' title='bbox 883 422 898 445; x_wconf 90' lang='lat'><strong>,</strong></span> <span class='ocrx_word' id='word_1_42' title='bbox 932 385 986 433; x_wconf 87' lang='lat'>&amp;</span> <span class='ocrx_word' id='word_1_43' title='bbox 1007 401 1110 433; x_wconf 85' lang='lat' dir='ltr'><strong>tum</strong></span> <span class='ocrx_word' id='word_1_44' title='bbox 1129 383 1389 435; x_wconf 82' lang='lat' dir='ltr'>Gallorum</span> <span class='ocrx_word' id='word_1_45' title='bbox 1408 383 1588 434; x_wconf 82' lang='lat' dir='ltr'><strong>effuso-</strong></span> 
     </span>
     <span class='ocr_line' id='line_1_12' title="bbox 303 452 1622 536; baseline -0.002 -36"><span class='ocrx_word' id='word_1_46' title='bbox 303 470 410 501; x_wconf 86' lang='lat' dir='ltr'><strong>rum</strong></span> <span class='ocrx_word' id='word_1_47' title='bbox 426 472 520 536; x_wconf 35' lang='lat' dir='ltr'><strong>Nper</strong></span> <span class='ocrx_word' id='word_1_48' title='bbox 553 453 805 519; x_wconf 69' lang='lat' dir='ltr'><strong>illyricum</strong></span> <span class='ocrx_word' id='word_1_49' title='bbox 838 454 1007 520; x_wconf 85' lang='lat' dir='ltr'><strong>ingens</strong></span> <span class='ocrx_word' id='word_1_50' title='bbox 1044 452 1292 520; x_wconf 78' lang='lat' dir='ltr'><strong>[agmen]</strong></span> <span class='ocrx_word' id='word_1_51' title='bbox 1332 453 1622 514; x_wconf 80' lang='lat' dir='ltr'><strong>oblatum„</strong></span> 
     </span>
     <span class='ocr_line' id='line_1_13' title="bbox 309 519 1590 571; baseline 0.001 -2"><span class='ocrx_word' id='word_1_52' title='bbox 309 523 506 571; x_wconf 77' lang='lat' dir='ltr'><strong>avaritia</strong></span> <span class='ocrx_word' id='word_1_53' title='bbox 533 519 771 570; x_wconf 86' lang='lat' dir='ltr'><strong>dimissum</strong></span> <span class='ocrx_word' id='word_1_54' title='bbox 803 519 884 569; x_wconf 91' lang='lat' dir='ltr'><strong>est.</strong></span> <span class='ocrx_word' id='word_1_55' title='bbox 927 520 1207 570; x_wconf 72' lang='lat' dir='ltr'><strong>veniebant</strong></span> <span class='ocrx_word' id='word_1_56' title='bbox 1241 522 1415 570; x_wconf 87' lang='lat' dir='ltr'><strong>decem</strong></span> <span class='ocrx_word' id='word_1_57' title='bbox 1440 520 1590 570; x_wconf 75' lang='lat' dir='ltr'><strong>millia</strong></span> 
     </span>
     <span class='ocr_line' id='line_1_14' title="bbox 309 588 1589 668; baseline -0.002 -29.998"><span class='ocrx_word' id='word_1_58' title='bbox 309 591 525 662; x_wconf 83' lang='lat' dir='ltr'><strong>equitum</strong></span> <span class='ocrx_word' id='word_1_59' title='bbox 556 627 571 649; x_wconf 86' lang='lat'>‚</span> <span class='ocrx_word' id='word_1_60' title='bbox 620 607 705 655; x_wconf 80' lang='lat' dir='ltr'><strong>par</strong></span> <span class='ocrx_word' id='word_1_61' title='bbox 744 606 971 638; x_wconf 84' lang='lat' dir='ltr'><strong>numerus</strong></span> <span class='ocrx_word' id='word_1_62' title='bbox 1001 590 1256 668; x_wconf 81' lang='lat' dir='ltr'><strong>peditum,</strong></span> <span class='ocrx_word' id='word_1_63' title='bbox 1292 589 1344 639; x_wconf 63' lang='grc' dir='ltr'>ἃ</span> <span class='ocrx_word' id='word_1_64' title='bbox 1374 588 1589 655; x_wconf 88' lang='lat' dir='ltr'><strong>ipsorum</strong></span> 
     </span>
     <span class='ocr_line' id='line_1_15' title="bbox 307 655 1589 724; baseline -0.002 -18"><span class='ocrx_word' id='word_1_65' title='bbox 307 660 614 724; x_wconf 75' lang='lat' dir='ltr'><strong>Jungenrium</strong></span> <span class='ocrx_word' id='word_1_66' title='bbox 646 655 831 705; x_wconf 90' lang='lat' dir='ltr'><strong>cursum</strong></span> <span class='ocrx_word' id='word_1_67' title='bbox 867 659 1037 724; x_wconf 85' lang='lat' dir='ltr'><strong>equis,</strong></span> <span class='ocrx_word' id='word_1_68' title='bbox 1088 658 1139 706; x_wconf 72' lang='grc' dir='ltr'><strong>ὃ(</strong></span> <span class='ocrx_word' id='word_1_69' title='bbox 1177 659 1225 705; x_wconf 86' lang='lat' dir='ltr'><strong>in</strong></span> <span class='ocrx_word' id='word_1_70' title='bbox 1267 660 1430 706; x_wconf 89' lang='lat' dir='ltr'><strong>vicem</strong></span> <span class='ocrx_word' id='word_1_71' title='bbox 1467 675 1589 723; x_wconf 87' lang='lat' dir='ltr'><strong>pro-</strong></span> 
     </span>
     <span class='ocr_line' id='line_1_16' title="bbox 307 725 1624 792; baseline -0.002 -17"><span class='ocrx_word' id='word_1_72' title='bbox 307 728 552 792; x_wconf 68' lang='lat' dir='ltr'><strong>lapsorum</strong></span> <span class='ocrx_word' id='word_1_73' title='bbox 587 727 806 792; x_wconf 88' lang='lat' dir='ltr'><strong>equitum</strong></span> <span class='ocrx_word' id='word_1_74' title='bbox 847 743 1031 775; x_wconf 81' lang='lat' dir='ltr'><strong>vacuos</strong></span> <span class='ocrx_word' id='word_1_75' title='bbox 1067 727 1359 792; x_wconf 84' lang='lat' dir='ltr'><strong>capientium</strong></span> <span class='ocrx_word' id='word_1_76' title='bbox 1402 725 1464 774; x_wconf 82' lang='lat' dir='ltr'><strong>ad</strong></span> <span class='ocrx_word' id='word_1_77' title='bbox 1497 742 1593 791; x_wconf 79' lang='lat' dir='ltr'><strong>pu·</strong></span> <span class='ocrx_word' id='word_1_78' title='bbox 1622 732 1624 734; x_wconf 78' lang='grc'>’</span> 
     </span>
     <span class='ocr_line' id='line_1_17' title="bbox 307 792 1593 862; baseline -0.001 -19"><span class='ocrx_word' id='word_1_79' title='bbox 307 812 454 862; x_wconf 83' lang='lat' dir='ltr'>gnam</span> <span class='ocrx_word' id='word_1_80' title='bbox 491 812 662 861; x_wconf 87' lang='lat' dir='ltr'><strong>equos.</strong></span> <span class='ocrx_word' id='word_1_81' title='bbox 705 794 771 842; x_wconf 90' lang='lat' dir='ltr'><strong>Hi</strong></span> <span class='ocrx_word' id='word_1_82' title='bbox 805 792 929 860; x_wconf 69' lang='lat' dir='ltr'><strong>paffi</strong></span> <span class='ocrx_word' id='word_1_83' title='bbox 971 810 1108 842; x_wconf 87' lang='lat' dir='ltr'><strong>erant</strong></span> <span class='ocrx_word' id='word_1_84' title='bbox 1131 831 1145 854; x_wconf 82' lang='lat'>,</span> <span class='ocrx_word' id='word_1_85' title='bbox 1191 811 1340 861; x_wconf 87' lang='lat' dir='ltr'><strong>eques</strong></span> <span class='ocrx_word' id='word_1_86' title='bbox 1375 809 1394 839; x_wconf 94' lang='lat'>1</span> <span class='ocrx_word' id='word_1_87' title='bbox 1435 793 1593 842; x_wconf 85' lang='lat' dir='ltr'><strong>denos</strong></span> 
     </span>
     <span class='ocr_line' id='line_1_18' title="bbox 305 861 1593 930; baseline -0.002 -19"><span class='ocrx_word' id='word_1_88' title='bbox 305 863 565 930; x_wconf 85' lang='lat' dir='ltr'><strong>praesentes</strong></span> <span class='ocrx_word' id='word_1_89' title='bbox 602 878 816 920; x_wconf 77' lang='lat' dir='ltr'><strong>aureOS,</strong></span> <span class='ocrx_word' id='word_1_90' title='bbox 859 861 1011 928; x_wconf 88' lang='lat' dir='ltr'><strong>pedes</strong></span> <span class='ocrx_word' id='word_1_91' title='bbox 1052 865 1226 928; x_wconf 89' lang='lat' dir='ltr'><strong>quinos</strong></span> <span class='ocrx_word' id='word_1_92' title='bbox 1254 899 1270 922; x_wconf 93' lang='lat'>,</span> <span class='ocrx_word' id='word_1_93' title='bbox 1317 861 1452 910; x_wconf 90' lang='lat' dir='ltr'><strong>mille</strong></span> <span class='ocrx_word' id='word_1_94' title='bbox 1494 862 1593 910; x_wconf 77' lang='lat' dir='ltr'><strong>dux</strong></span> 
     </span>
     <span class='ocr_line' id='line_1_19' title="bbox 308 929 1592 996; baseline -0.002 -15"><span class='ocrx_word' id='word_1_95' title='bbox 308 948 499 981; x_wconf 83' lang='lat' dir='ltr'><strong>eorum</strong></span> <span class='ocrx_word' id='word_1_96' title='bbox 537 931 862 979; x_wconf 85' lang='lat' dir='ltr'><strong>Venientibus</strong></span> <span class='ocrx_word' id='word_1_97' title='bbox 894 931 964 979; x_wconf 89' lang='lat' dir='ltr'><strong>his</strong></span> <span class='ocrx_word' id='word_1_98' title='bbox 987 930 1185 979; x_wconf 72' lang='lat' dir='ltr'><strong>Perseus</strong></span> <span class='ocrx_word' id='word_1_99' title='bbox 1208 931 1266 979; x_wconf 86' lang='lat' dir='ltr'><strong>ab</strong></span> <span class='ocrx_word' id='word_1_100' title='bbox 1302 929 1494 996; x_wconf 88' lang='lat' dir='ltr'><strong>Enipeo</strong></span> <span class='ocrx_word' id='word_1_101' title='bbox 1528 947 1592 980; x_wconf 86' lang='lat' dir='ltr'><strong>ex</strong></span> 
     </span>
     <span class='ocr_line' id='line_1_20' title="bbox 306 997 1624 1064; baseline -0.001 -16"><span class='ocrx_word' id='word_1_102' title='bbox 306 998 466 1049; x_wconf 84' lang='lat' dir='ltr'><strong>castris</strong></span> <span class='ocrx_word' id='word_1_103' title='bbox 508 997 752 1064; x_wconf 56' lang='lat' dir='ltr'><strong>profeclus</strong></span> <span class='ocrx_word' id='word_1_104' title='bbox 799 998 997 1047; x_wconf 48' lang='lat' dir='ltr'><strong>obviem</strong></span> <span class='ocrx_word' id='word_1_105' title='bbox 1040 1017 1149 1047; x_wconf 85' lang='lat' dir='ltr'><strong>cum</strong></span> <span class='ocrx_word' id='word_1_106' title='bbox 1187 999 1384 1047; x_wconf 87' lang='lat' dir='ltr'><strong>dimidia</strong></span> <span class='ocrx_word' id='word_1_107' title='bbox 1420 998 1624 1064; x_wconf 56' lang='lat' dir='ltr'><strong>copiamx</strong></span> 
     </span>
     <span class='ocr_line' id='line_1_21' title="bbox 307 1065 1629 1133; baseline -0.001 -17"><span class='ocrx_word' id='word_1_108' title='bbox 307 1085 417 1117; x_wconf 86' lang='lat' dir='ltr'><strong>rum</strong></span> <span class='ocrx_word' id='word_1_109' title='bbox 466 1082 597 1133; x_wconf 80' lang='lat' dir='ltr'><strong>parte</strong></span> <span class='ocrx_word' id='word_1_110' title='bbox 628 1105 642 1128; x_wconf 87' lang='lat'>‚</span> <span class='ocrx_word' id='word_1_111' title='bbox 692 1067 973 1116; x_wconf 85' lang='lat' dir='ltr'><strong>denuntiare</strong></span> <span class='ocrx_word' id='word_1_112' title='bbox 1012 1085 1100 1133; x_wconf 90' lang='lat' dir='ltr'><strong>per</strong></span> <span class='ocrx_word' id='word_1_113' title='bbox 1135 1068 1270 1117; x_wconf 89' lang='lat' dir='ltr'><strong>vicos</strong></span> <span class='ocrx_word' id='word_1_114' title='bbox 1315 1065 1551 1133; x_wconf 83' lang='lat' dir='ltr'><strong>urbesque</strong></span> <span class='ocrx_word' id='word_1_115' title='bbox 1573 1104 1597 1126; x_wconf 81' lang='lat'>‚</span> <span class='ocrx_word' id='word_1_116' title='bbox 1626 1126 1629 1129; x_wconf 23' lang='grc' dir='ltr'>Ι</span> 
     </span>
     <span class='ocr_line' id='line_1_22' title="bbox 309 1135 1590 1202; baseline -0.001 -18"><span class='ocrx_word' id='word_1_117' title='bbox 309 1154 413 1202; x_wconf 85' lang='lat' dir='ltr'><strong>quae</strong></span> <span class='ocrx_word' id='word_1_118' title='bbox 442 1139 531 1184; x_wconf 84' lang='lat' dir='ltr'><strong>viae</strong></span> <span class='ocrx_word' id='word_1_119' title='bbox 558 1136 844 1202; x_wconf 83' lang='lat' dir='ltr'><strong>propinquae</strong></span> <span class='ocrx_word' id='word_1_120' title='bbox 867 1135 971 1185; x_wconf 87' lang='lat' dir='ltr'><strong>sunt</strong></span> <span class='ocrx_word' id='word_1_121' title='bbox 991 1174 1005 1194; x_wconf 82' lang='lat'>‚</span> <span class='ocrx_word' id='word_1_122' title='bbox 1035 1138 1187 1202; x_wconf 72' lang='lat' dir='ltr'><strong>coepit</strong></span> <span class='ocrx_word' id='word_1_123' title='bbox 1209 1172 1224 1196; x_wconf 91' lang='lat'>‚</span> <span class='ocrx_word' id='word_1_124' title='bbox 1259 1150 1309 1184; x_wconf 92' lang='lat' dir='ltr'><strong>ut</strong></span> <span class='ocrx_word' id='word_1_125' title='bbox 1336 1152 1590 1184; x_wconf 87' lang='lat' dir='ltr'><strong>commea—</strong></span> 
     </span>
     <span class='ocr_line' id='line_1_23' title="bbox 308 1204 1594 1270; baseline 0.001 -18"><span class='ocrx_word' id='word_1_126' title='bbox 308 1220 383 1252; x_wconf 79' lang='lat' dir='ltr'><strong>tus</strong></span> <span class='ocrx_word' id='word_1_127' title='bbox 415 1205 701 1270; x_wconf 68' lang='lat' dir='ltr'><strong>expedirent</strong></span> <span class='ocrx_word' id='word_1_128' title='bbox 725 1241 739 1263; x_wconf 89' lang='lat'>,</span> <span class='ocrx_word' id='word_1_129' title='bbox 785 1204 1051 1263; x_wconf 81' lang='lat' dir='ltr'><strong>frumenti,</strong></span> <span class='ocrx_word' id='word_1_130' title='bbox 1090 1206 1191 1253; x_wconf 83' lang='lat' dir='ltr'><strong>vini</strong></span> <span class='ocrx_word' id='word_1_131' title='bbox 1217 1242 1231 1264; x_wconf 79' lang='lat'>,</span> <span class='ocrx_word' id='word_1_132' title='bbox 1277 1221 1510 1270; x_wconf 88' lang='lat' dir='ltr'><strong>pecorum</strong></span> <span class='ocrx_word' id='word_1_133' title='bbox 1539 1218 1594 1253; x_wconf 86' lang='lat' dir='ltr'><strong>ut</strong></span> 
     </span>
     <span class='ocr_line' id='line_1_24' title="bbox 308 1271 1610 1340; baseline 0 -20"><span class='ocrx_word' id='word_1_134' title='bbox 308 1275 453 1340; x_wconf 77' lang='lat' dir='ltr'><strong>copia</strong></span> <span class='ocrx_word' id='word_1_135' title='bbox 478 1271 625 1332; x_wconf 79' lang='lat' dir='ltr'><strong>effet3</strong></span> <span class='ocrx_word' id='word_1_136' title='bbox 658 1271 758 1337; x_wconf 83' lang='lat' dir='ltr'><strong>ipse</strong></span> <span class='ocrx_word' id='word_1_137' title='bbox 779 1289 961 1338; x_wconf 85' lang='lat' dir='ltr'><strong>equos,</strong></span> <span class='ocrx_word' id='word_1_138' title='bbox 998 1273 1350 1338; x_wconf 81' lang='lat' dir='ltr'><strong>phalerasque,</strong></span> <span class='ocrx_word' id='word_1_139' title='bbox 1377 1273 1428 1321; x_wconf 85' lang='lat'>&amp;</span> <span class='ocrx_word' id='word_1_140' title='bbox 1454 1271 1610 1339; x_wconf 75' lang='lat' dir='ltr'><strong>sagu-v</strong></span> 
     </span>
     <span class='ocr_line' id='line_1_25' title="bbox 309 1339 1596 1407; baseline -0.001 -17"><span class='ocrx_word' id='word_1_141' title='bbox 309 1342 388 1402; x_wconf 83' lang='lat' dir='ltr'><strong>la,</strong></span> <span class='ocrx_word' id='word_1_142' title='bbox 426 1341 611 1390; x_wconf 89' lang='lat' dir='ltr'><strong>donum</strong></span> <span class='ocrx_word' id='word_1_143' title='bbox 647 1341 942 1406; x_wconf 87' lang='lat' dir='ltr'><strong>principibus</strong></span> <span class='ocrx_word' id='word_1_144' title='bbox 978 1339 1104 1389; x_wconf 89' lang='lat' dir='ltr'><strong>ferre</strong></span> <span class='ocrx_word' id='word_1_145' title='bbox 1135 1379 1150 1403; x_wconf 82' lang='lat'><strong>‚</strong></span> <span class='ocrx_word' id='word_1_146' title='bbox 1199 1341 1249 1389; x_wconf 68' lang='grc' dir='ltr'>ἃ</span> <span class='ocrx_word' id='word_1_147' title='bbox 1290 1359 1457 1407; x_wconf 84' lang='lat' dir='ltr'><strong>parum</strong></span> <span class='ocrx_word' id='word_1_148' title='bbox 1491 1342 1596 1389; x_wconf 77' lang='lat' dir='ltr'><strong>auri</strong></span> 
     </span>
     <span class='ocr_line' id='line_1_26' title="bbox 310 1409 1592 1476; baseline -0.002 -18"><span class='ocrx_word' id='word_1_149' title='bbox 310 1410 446 1476; x_wconf 82' lang='lat' dir='ltr'><strong>quod</strong></span> <span class='ocrx_word' id='word_1_150' title='bbox 490 1413 611 1458; x_wconf 87' lang='lat' dir='ltr'><strong>inter</strong></span> <span class='ocrx_word' id='word_1_151' title='bbox 663 1426 845 1474; x_wconf 86' lang='lat' dir='ltr'><strong>paucos</strong></span> <span class='ocrx_word' id='word_1_152' title='bbox 890 1409 1174 1457; x_wconf 88' lang='lat' dir='ltr'><strong>divideret:</strong></span> <span class='ocrx_word' id='word_1_153' title='bbox 1231 1409 1592 1457; x_wconf 85' lang='lat' dir='ltr'><strong>multitudinem</strong></span> 
     </span>
     <span class='ocr_line' id='line_1_27' title="bbox 312 1476 1592 1544; baseline -0.002 -17"><span class='ocrx_word' id='word_1_154' title='bbox 312 1479 517 1527; x_wconf 87' lang='lat' dir='ltr'><strong>credens</strong></span> <span class='ocrx_word' id='word_1_155' title='bbox 552 1477 673 1527; x_wconf 79' lang='lat' dir='ltr'><strong>trahi</strong></span> <span class='ocrx_word' id='word_1_156' title='bbox 702 1477 782 1544; x_wconf 92' lang='lat' dir='ltr'><strong>spe</strong></span> <span class='ocrx_word' id='word_1_157' title='bbox 819 1476 972 1542; x_wconf 68' lang='lat' dir='ltr'><strong>polle.</strong></span> <span class='ocrx_word' id='word_1_158' title='bbox 1011 1477 1092 1525; x_wconf 85' lang='lat' dir='ltr'><strong>Ad</strong></span> <span class='ocrx_word' id='word_1_159' title='bbox 1124 1476 1387 1526; x_wconf 77' lang='lat' dir='ltr'><strong>Almanam</strong></span> <span class='ocrx_word' id='word_1_160' title='bbox 1420 1477 1592 1526; x_wconf 89' lang='lat' dir='ltr'><strong>urbem</strong></span> 
     </span>
     <span class='ocr_line' id='line_1_28' title="bbox 311 1544 1591 1612; baseline -0.002 -16"><span class='ocrx_word' id='word_1_161' title='bbox 311 1548 539 1612; x_wconf 83' lang='lat' dir='ltr'><strong>pervenit</strong></span> <span class='ocrx_word' id='word_1_162' title='bbox 563 1584 578 1607; x_wconf 84' lang='lat'>‚</span> <span class='ocrx_word' id='word_1_163' title='bbox 619 1546 711 1595; x_wconf 73' lang='grc' dir='ltr'><strong>ὃζ</strong></span> <span class='ocrx_word' id='word_1_164' title='bbox 703 1564 749 1593; x_wconf 91' lang='lat' dir='ltr'><strong>1n</strong></span> <span class='ocrx_word' id='word_1_165' title='bbox 785 1546 887 1611; x_wconf 79' lang='lat' dir='ltr'><strong>ripa</strong></span> <span class='ocrx_word' id='word_1_166' title='bbox 917 1546 1125 1593; x_wconf 87' lang='lat' dir='ltr'><strong>fluminis</strong></span> <span class='ocrx_word' id='word_1_167' title='bbox 1172 1545 1284 1593; x_wconf 81' lang='lat' dir='ltr'><strong>Axii</strong></span> <span class='ocrx_word' id='word_1_168' title='bbox 1319 1544 1474 1612; x_wconf 88' lang='lat' dir='ltr'><strong>posuit</strong></span> <span class='ocrx_word' id='word_1_169' title='bbox 1510 1563 1591 1594; x_wconf 91' lang='lat' dir='ltr'><strong>ca-</strong></span> 
     </span>
     <span class='ocr_line' id='line_1_29' title="bbox 310 1612 1592 1674; baseline -0.002 -11"><span class='ocrx_word' id='word_1_170' title='bbox 310 1613 441 1674; x_wconf 79' lang='lat' dir='ltr'><strong>stra3</strong></span> <span class='ocrx_word' id='word_1_171' title='bbox 489 1616 615 1663; x_wconf 85' lang='lat' dir='ltr'><strong>circa</strong></span> <span class='ocrx_word' id='word_1_172' title='bbox 660 1612 973 1662; x_wconf 79' lang='lat' dir='ltr'><strong>Desudabam</strong></span> <span class='ocrx_word' id='word_1_173' title='bbox 1016 1616 1062 1662; x_wconf 86' lang='lat' dir='ltr'><strong>in</strong></span> <span class='ocrx_word' id='word_1_174' title='bbox 1102 1612 1311 1662; x_wconf 83' lang='lat' dir='ltr'><strong>Maedica</strong></span> <span class='ocrx_word' id='word_1_175' title='bbox 1351 1615 1592 1663; x_wconf 82' lang='lat' dir='ltr'><strong>exercitus</strong></span> 
     </span>
     <span class='ocr_line' id='line_1_30' title="bbox 310 1681 1590 1748; baseline 0 -16"><span class='ocrx_word' id='word_1_176' title='bbox 310 1682 571 1733; x_wconf 78' lang='lat' dir='ltr'><strong>Gallorum</strong></span> <span class='ocrx_word' id='word_1_177' title='bbox 590 1682 872 1731; x_wconf 83' lang='lat' dir='ltr'><strong>consederat</strong></span> <span class='ocrx_word' id='word_1_178' title='bbox 889 1720 903 1742; x_wconf 78' lang='lat'><strong>‚</strong></span> <span class='ocrx_word' id='word_1_179' title='bbox 929 1683 1210 1731; x_wconf 84' lang='lat' dir='ltr'><strong>mercedem</strong></span> <span class='ocrx_word' id='word_1_180' title='bbox 1227 1681 1413 1748; x_wconf 47' lang='lat' dir='ltr'><strong>pusiam</strong></span> <span class='ocrx_word' id='word_1_181' title='bbox 1432 1688 1590 1748; x_wconf 80' lang='lat' dir='ltr'><strong>oppe-</strong></span> 
     </span>
     <span class='ocr_line' id='line_1_31' title="bbox 308 1750 1594 1818; baseline -0.002 -18"><span class='ocrx_word' id='word_1_182' title='bbox 308 1751 454 1800; x_wconf 86' lang='lat' dir='ltr'><strong>riens.</strong></span> <span class='ocrx_word' id='word_1_183' title='bbox 505 1750 579 1800; x_wconf 73' lang='grc' dir='ltr'><strong>Εἰ)</strong></span> <span class='ocrx_word' id='word_1_184' title='bbox 624 1753 768 1799; x_wconf 81' lang='lat' dir='ltr'><strong>mittit</strong></span> <span class='ocrx_word' id='word_1_185' title='bbox 816 1751 1121 1818; x_wconf 78' lang='lat' dir='ltr'><strong>Antigonum</strong></span> <span class='ocrx_word' id='word_1_186' title='bbox 1153 1788 1166 1810; x_wconf 87' lang='lat'>,</span> <span class='ocrx_word' id='word_1_187' title='bbox 1224 1768 1282 1799; x_wconf 85' lang='lat' dir='ltr'><strong>ex</strong></span> <span class='ocrx_word' id='word_1_188' title='bbox 1323 1754 1594 1816; x_wconf 78' lang='lat' dir='ltr'><strong>purpuratis</strong></span> 
     </span>
     <span class='ocr_line' id='line_1_32' title="bbox 308 1817 1595 1885; baseline -0.001 -17"><span class='ocrx_word' id='word_1_189' title='bbox 308 1837 502 1877; x_wconf 80' lang='lat' dir='ltr'><strong>unum,</strong></span> <span class='ocrx_word' id='word_1_190' title='bbox 533 1822 613 1885; x_wconf 86' lang='lat' dir='ltr'><strong>qui</strong></span> <span class='ocrx_word' id='word_1_191' title='bbox 639 1817 828 1881; x_wconf 70' lang='lat' dir='ltr'><strong>juberet</strong></span> <span class='ocrx_word' id='word_1_192' title='bbox 851 1820 1211 1868; x_wconf 80' lang='lat' dir='ltr'><strong>multitudinem</strong></span> <span class='ocrx_word' id='word_1_193' title='bbox 1245 1817 1501 1869; x_wconf 84' lang='lat' dir='ltr'><strong>Gallorum</strong></span> <span class='ocrx_word' id='word_1_194' title='bbox 1530 1819 1595 1867; x_wconf 85' lang='lat' dir='ltr'><strong>ad</strong></span> 
     </span>
     <span class='ocr_line' id='line_1_33' title="bbox 308 1885 1592 1955; baseline -0.001 -18"><span class='ocrx_word' id='word_1_195' title='bbox 308 1887 552 1954; x_wconf 75' lang='lat' dir='ltr'><strong>Bylazma</strong></span> <span class='ocrx_word' id='word_1_196' title='bbox 577 1886 854 1955; x_wconf 83' lang='lat' dir='ltr'><strong>(Paeoniae</strong></span> <span class='ocrx_word' id='word_1_197' title='bbox 844 1907 881 1936; x_wconf 89' lang='grc'><strong>15</strong></span> <span class='ocrx_word' id='word_1_198' title='bbox 899 1888 1033 1937; x_wconf 86' lang='lat' dir='ltr'><strong>locus</strong></span> <span class='ocrx_word' id='word_1_199' title='bbox 1052 1885 1153 1954; x_wconf 86' lang='lat' dir='ltr'><strong>est)</strong></span> <span class='ocrx_word' id='word_1_200' title='bbox 1185 1886 1329 1936; x_wconf 87' lang='lat' dir='ltr'><strong>castra</strong></span> <span class='ocrx_word' id='word_1_201' title='bbox 1353 1904 1556 1936; x_wconf 84' lang='lat' dir='ltr'><strong>movere</strong></span> <span class='ocrx_word' id='word_1_202' title='bbox 1573 1924 1592 1948; x_wconf 79' lang='lat'><strong>,</strong></span> 
     </span>
     <span class='ocr_line' id='line_1_34' title="bbox 307 1953 1590 2023; baseline 0 -19"><span class='ocrx_word' id='word_1_203' title='bbox 307 1959 554 2023; x_wconf 87' lang='lat' dir='ltr'><strong>principes</strong></span> <span class='ocrx_word' id='word_1_204' title='bbox 588 1955 648 2004; x_wconf 88' lang='lat' dir='ltr'><strong>ad</strong></span> <span class='ocrx_word' id='word_1_205' title='bbox 688 1955 734 2005; x_wconf 94' lang='lat' dir='ltr'><strong>se</strong></span> <span class='ocrx_word' id='word_1_206' title='bbox 770 1957 934 2006; x_wconf 78' lang='lat' dir='ltr'><strong>venire</strong></span> <span class='ocrx_word' id='word_1_207' title='bbox 974 1954 1294 2022; x_wconf 85' lang='lat' dir='ltr'><strong>frequentes·</strong></span> <span class='ocrx_word' id='word_1_208' title='bbox 1283 1993 1298 2016; x_wconf 83' lang='lat'>‚</span> <span class='ocrx_word' id='word_1_209' title='bbox 1347 1973 1373 2004; x_wconf 89' lang='lat'>2</span> <span class='ocrx_word' id='word_1_210' title='bbox 1399 1953 1590 2021; x_wconf 85' lang='lat' dir='ltr'><strong>septua-</strong></span> 
     </span>
     <span class='ocr_line' id='line_1_35' title="bbox 310 2022 1594 2092; baseline -0.002 -19"><span class='ocrx_word' id='word_1_211' title='bbox 310 2028 441 2092; x_wconf 83' lang='lat' dir='ltr'><strong>ginta</strong></span> <span class='ocrx_word' id='word_1_212' title='bbox 463 2026 673 2090; x_wconf 86' lang='lat' dir='ltr'><strong>quinque</strong></span> <span class='ocrx_word' id='word_1_213' title='bbox 709 2024 857 2072; x_wconf 84' lang='lat' dir='ltr'><strong>millia</strong></span> <span class='ocrx_word' id='word_1_214' title='bbox 885 2025 944 2072; x_wconf 83' lang='lat' dir='ltr'><strong>ab</strong></span> <span class='ocrx_word' id='word_1_215' title='bbox 972 2024 1104 2072; x_wconf 83' lang='lat' dir='ltr'><strong>Axio</strong></span> <span class='ocrx_word' id='word_1_216' title='bbox 1139 2024 1338 2072; x_wconf 84' lang='lat' dir='ltr'><strong>flumine</strong></span> <span class='ocrx_word' id='word_1_217' title='bbox 1360 2025 1412 2072; x_wconf 68' lang='grc' dir='ltr'><strong>ὃ(</strong></span> <span class='ocrx_word' id='word_1_218' title='bbox 1435 2022 1594 2072; x_wconf 74' lang='lat' dir='ltr'><strong>castris</strong></span> 
     </span>
     <span class='ocr_line' id='line_1_36' title="bbox 308 2092 1594 2167; baseline -0.001 -26"><span class='ocrx_word' id='word_1_219' title='bbox 308 2094 435 2160; x_wconf 48' lang='lat' dir='ltr'><strong>segis</strong></span> <span class='ocrx_word' id='word_1_220' title='bbox 465 2094 679 2143; x_wconf 84' lang='lat' dir='ltr'><strong>aberant.</strong></span> <span class='ocrx_word' id='word_1_221' title='bbox 708 2092 829 2141; x_wconf 84' lang='lat' dir='ltr'><strong>Haec</strong></span> <span class='ocrx_word' id='word_1_222' title='bbox 850 2092 1075 2141; x_wconf 82' lang='lat' dir='ltr'><strong>mandata</strong></span> <span class='ocrx_word' id='word_1_223' title='bbox 1100 2092 1159 2140; x_wconf 77' lang='lat' dir='ltr'><strong>ad</strong></span> <span class='ocrx_word' id='word_1_224' title='bbox 1191 2109 1276 2141; x_wconf 93' lang='lat' dir='ltr'><strong>eos</strong></span> <span class='ocrx_word' id='word_1_225' title='bbox 1310 2109 1457 2158; x_wconf 88' lang='lat' dir='ltr'><strong>quum</strong></span> <span class='ocrx_word' id='word_1_226' title='bbox 1484 2108 1594 2167; x_wconf 81' lang='lat' dir='ltr'><strong>per-</strong></span> 
     </span>
     <span class='ocr_line' id='line_1_37' title="bbox 309 2159 1586 2228; baseline 0 -18"><span class='ocrx_word' id='word_1_227' title='bbox 309 2160 484 2211; x_wconf 82' lang='lat' dir='ltr'><strong>tulisset</strong></span> <span class='ocrx_word' id='word_1_228' title='bbox 524 2161 802 2228; x_wconf 78' lang='lat' dir='ltr'><strong>Antigonus</strong></span> <span class='ocrx_word' id='word_1_229' title='bbox 831 2198 847 2222; x_wconf 84' lang='grc'>,</span> <span class='ocrx_word' id='word_1_230' title='bbox 901 2159 1243 2228; x_wconf 81' lang='lat' dir='ltr'><strong>adjecissetque</strong></span> <span class='ocrx_word' id='word_1_231' title='bbox 1276 2199 1291 2223; x_wconf 85' lang='lat'><strong>,</strong></span> <span class='ocrx_word' id='word_1_232' title='bbox 1337 2177 1424 2227; x_wconf 89' lang='lat' dir='ltr'><strong>per</strong></span> <span class='ocrx_word' id='word_1_233' title='bbox 1457 2178 1586 2211; x_wconf 79' lang='lat' dir='ltr'><strong>viam</strong></span> 
     </span>
    </p>
   </div>
   <div class='ocr_carea' id='block_1_6' title="bbox 298 2285 1640 2712">
    <p class='ocr_par' dir='ltr' id='par_1_7' title="bbox 298 2285 1640 2653">
     <span class='ocr_line' id='line_1_38' title="bbox 371 2285 1640 2341; baseline -0.001 -15"><span class='ocrx_word' id='word_1_234' title='bbox 371 2297 396 2338; x_wconf 89' lang='lat'>9</span> <span class='ocrx_word' id='word_1_235' title='bbox 425 2285 696 2340; x_wconf 70' lang='lat' dir='ltr'><strong>Protrahere]</strong></span> <span class='ocrx_word' id='word_1_236' title='bbox 727 2287 829 2326; x_wconf 81' lang='lat' dir='ltr'><strong>Inrel</strong></span> <span class='ocrx_word' id='word_1_237' title='bbox 837 2286 914 2341; x_wconf 77' lang='lat' dir='ltr'><strong>lige</strong></span> <span class='ocrx_word' id='word_1_238' title='bbox 979 2287 1115 2326; x_wconf 66' lang='lat' dir='ltr'><strong>un‘cias</strong></span> <span class='ocrx_word' id='word_1_239' title='bbox 1145 2286 1337 2327; x_wconf 76' lang='lat' dir='ltr'><strong>nostrates</strong></span> <span class='ocrx_word' id='word_1_240' title='bbox 1369 2301 1456 2326; x_wconf 85' lang='lat' dir='ltr'><strong>cum</strong></span> <span class='ocrx_word' id='word_1_241' title='bbox 1478 2285 1588 2326; x_wconf 78' lang='lat' dir='ltr'><strong>dimi·</strong></span> <span class='ocrx_word' id='word_1_242' title='bbox 1630 2298 1640 2301; x_wconf 64' lang='grc'><strong>“</strong></span> 
     </span>
     <span class='ocr_line' id='line_1_39' title="bbox 306 2348 1632 2406; baseline -0.005 -16"><span class='ocrx_word' id='word_1_243' title='bbox 306 2348 912 2397; x_wconf 64' lang='lat' dir='ltr'><strong>indicare.Sicinfra,l.XLV,</strong></span> <span class='ocrx_word' id='word_1_244' title='bbox 980 2349 1055 2388; x_wconf 67' lang='lat' dir='ltr'><strong>dia.</strong></span> <span class='ocrx_word' id='word_1_245' title='bbox 1092 2348 1258 2406; x_wconf 76' lang='lat' dir='ltr'><strong>Quinos.</strong></span> <span class='ocrx_word' id='word_1_246' title='bbox 1298 2350 1482 2403; x_wconf 67' lang='lat' dir='ltr'><strong>Singulas</strong></span> <span class='ocrx_word' id='word_1_247' title='bbox 1517 2363 1587 2388; x_wconf 86' lang='lat' dir='ltr'><strong>un·</strong></span> <span class='ocrx_word' id='word_1_248' title='bbox 1630 2382 1632 2384; x_wconf 88' lang='lat'>.</span> 
     </span>
     <span class='ocr_line' id='line_1_40' title="bbox 308 2409 1639 2464; baseline -0.002 -13"><span class='ocrx_word' id='word_1_249' title='bbox 308 2425 347 2451; x_wconf 86' lang='lat' dir='ltr'><strong>c.</strong></span> <span class='ocrx_word' id='word_1_250' title='bbox 380 2424 418 2461; x_wconf 84' lang='grc' dir='ltr'><strong>ς.</strong></span> <span class='ocrx_word' id='word_1_251' title='bbox 455 2409 624 2451; x_wconf 83' lang='lat' dir='ltr'><strong>Suberat</strong></span> <span class='ocrx_word' id='word_1_252' title='bbox 666 2410 702 2450; x_wconf 73' lang='lat' dir='ltr'><strong>G·</strong></span> <span class='ocrx_word' id='word_1_253' title='bbox 737 2410 807 2449; x_wconf 84' lang='lat' dir='ltr'><strong>ille</strong></span> <span class='ocrx_word' id='word_1_254' title='bbox 841 2425 913 2449; x_wconf 79' lang='lat' dir='ltr'><strong>me-</strong></span> <span class='ocrx_word' id='word_1_255' title='bbox 979 2412 1058 2450; x_wconf 79' lang='lat' dir='ltr'><strong>cias</strong></span> <span class='ocrx_word' id='word_1_256' title='bbox 1081 2425 1169 2449; x_wconf 84' lang='lat' dir='ltr'><strong>cum</strong></span> <span class='ocrx_word' id='word_1_257' title='bbox 1191 2421 1327 2464; x_wconf 80' lang='lat' dir='ltr'><strong>quarta</strong></span> <span class='ocrx_word' id='word_1_258' title='bbox 1349 2411 1475 2451; x_wconf 79' lang='lat' dir='ltr'><strong>unciae</strong></span> <span class='ocrx_word' id='word_1_259' title='bbox 1495 2425 1588 2461; x_wconf 75' lang='lat' dir='ltr'><strong>par·</strong></span> <span class='ocrx_word' id='word_1_260' title='bbox 1635 2426 1639 2430; x_wconf 76' lang='grc'><strong>’</strong></span> 
     </span>
     <span class='ocr_line' id='line_1_41' title="bbox 306 2471 1589 2520; baseline 0 -8"><span class='ocrx_word' id='word_1_261' title='bbox 306 2485 367 2513; x_wconf 76' lang='lat' dir='ltr'><strong>tus</strong></span> <span class='ocrx_word' id='word_1_262' title='bbox 389 2501 400 2520; x_wconf 94' lang='lat'>‚</span> <span class='ocrx_word' id='word_1_263' title='bbox 451 2487 498 2512; x_wconf 86' lang='lat' dir='ltr'><strong>ne</strong></span> <span class='ocrx_word' id='word_1_264' title='bbox 542 2474 745 2511; x_wconf 81' lang='lat' dir='ltr'><strong>damnatus</strong></span> <span class='ocrx_word' id='word_1_265' title='bbox 781 2471 914 2510; x_wconf 66' lang='lat' dir='ltr'><strong>aufz&#39;o-</strong></span> <span class='ocrx_word' id='word_1_266' title='bbox 978 2482 1034 2511; x_wconf 90' lang='lat' dir='ltr'><strong>te.</strong></span> <span class='ocrx_word' id='word_1_267' title='bbox 1071 2472 1209 2512; x_wconf 76' lang='lat' dir='ltr'><strong>Mille.</strong></span> <span class='ocrx_word' id='word_1_268' title='bbox 1246 2472 1405 2512; x_wconf 73' lang='lat' dir='ltr'><strong>Mat-cas</strong></span> <span class='ocrx_word' id='word_1_269' title='bbox 1435 2473 1589 2512; x_wconf 80' lang='lat' dir='ltr'><strong>nostra-</strong></span> 
     </span>
     <span class='ocr_line' id='line_1_42' title="bbox 305 2531 1406 2588; baseline -0.001 -13"><span class='ocrx_word' id='word_1_270' title='bbox 305 2549 386 2575; x_wconf 81' lang='lat' dir='ltr'><strong>tem</strong></span> <span class='ocrx_word' id='word_1_271' title='bbox 425 2531 470 2588; x_wconf 79' lang='lat' dir='ltr'><strong>se</strong></span> <span class='ocrx_word' id='word_1_272' title='bbox 517 2532 679 2587; x_wconf 73' lang='lat' dir='ltr'><strong>nefandi</strong></span> <span class='ocrx_word' id='word_1_273' title='bbox 716 2534 913 2587; x_wconf 81' lang='lat' dir='ltr'><strong>facinoris</strong></span> <span class='ocrx_word' id='word_1_274' title='bbox 977 2544 1039 2573; x_wconf 85' lang='lat' dir='ltr'><strong>tes</strong></span> <span class='ocrx_word' id='word_1_275' title='bbox 1077 2545 1128 2585; x_wconf 84' lang='lat'><strong>31</strong></span> <span class='ocrx_word' id='word_1_276' title='bbox 1153 2562 1164 2581; x_wconf 87' lang='lat'>,</span> <span class='ocrx_word' id='word_1_277' title='bbox 1192 2534 1327 2574; x_wconf 75' lang='lat' dir='ltr'><strong>uncias</strong></span> <span class='ocrx_word' id='word_1_278' title='bbox 1365 2547 1406 2574; x_wconf 82' lang='lat'><strong>2.</strong></span> 
     </span>
     <span class='ocr_line' id='line_1_43' title="bbox 298 2594 1583 2653; baseline -0.001 -18"><span class='ocrx_word' id='word_1_279' title='bbox 298 2597 568 2653; x_wconf 73' lang='lat' dir='ltr'><strong>protraheret.</strong></span> <span class='ocrx_word' id='word_1_280' title='bbox 1040 2608 1063 2634; x_wconf 91' lang='lat'>2</span> <span class='ocrx_word' id='word_1_281' title='bbox 1108 2596 1368 2650; x_wconf 69' lang='lat' dir='ltr'><strong>Septuaginra</strong></span> <span class='ocrx_word' id='word_1_282' title='bbox 1419 2594 1583 2648; x_wconf 67' lang='lat' dir='ltr'><strong>quinque</strong></span> 
     </span>
    </p>

    <p class='ocr_par' dir='ltr' id='par_1_8' title="bbox 369 2655 1584 2712">
     <span class='ocr_line' id='line_1_44' title="bbox 369 2655 1584 2712; baseline -0.002 -12"><span class='ocrx_word' id='word_1_283' title='bbox 369 2670 385 2700; x_wconf 67' lang='grc'><strong>1</strong></span> <span class='ocrx_word' id='word_1_284' title='bbox 405 2659 599 2702; x_wconf 42' lang='lat' dir='ltr'><strong>Densa..</strong></span> <span class='ocrx_word' id='word_1_285' title='bbox 617 2656 775 2710; x_wconf 70' lang='lat' dir='ltr'><strong>aurecs]</strong></span> <span class='ocrx_word' id='word_1_286' title='bbox 798 2656 910 2700; x_wconf 52' lang='lat' dir='ltr'><strong>§inas</strong></span> <span class='ocrx_word' id='word_1_287' title='bbox 975 2656 1285 2712; x_wconf 58' lang='lat' dir='ltr'><strong>nziltic22Leucas</strong></span> <span class='ocrx_word' id='word_1_288' title='bbox 1300 2655 1494 2698; x_wconf 65' lang='lat' dir='ltr'><strong>nostrates</strong></span> <span class='ocrx_word' id='word_1_289' title='bbox 1509 2669 1584 2708; x_wconf 49' lang='lat' dir='ltr'><strong>22·s</strong></span> 
     </span>
    </p>
   </div>
  </div>
 </body>
</html>
