1670 3068
364 96 723 151 LIBER
820 95 1104 152 XLIV.
1253 115 1370 172 427

50 179 65 238 ‘J
95 188 346 238 cumagere
386 191 405 240 5
441 175 744 224 immobilem
776 174 1079 240 longitudine
1119 173 1168 222 &
1208 180 1368 240 gravi·
1388 185 1577 234 U.c.58.5,

47 246 54 259 ²
92 253 188 287 tate
220 240 393 290 hastam
423 260 569 309 cogas
589 281 604 304 ‚
636 242 835 291 confusa
868 240 989 290 strue
1025 242 1328 305 implicantur
1356 242 1575 290 :sl-(2³05—

46 332 50 335 ·
94 305 126 354 fi
159 309 278 356 verb
319 312 377 357 ab
408 310 554 360 latere
575 348 588 368 ‚
623 316 701 359 aut
731 310 788 358 ab
816 324 954 375 tergo
977 309 1151 373 aliquid
1186 310 1366 357 tumul-

93 372 169 422 tfis
192 376 427 442 increpuit
443 415 456 435 ‚
483 380 629 425 ruinae
652 379 802 426 modo
820 380 1083 425 turbantur.
1113 374 1243 424 Sicut
1262 391 1365 425 tum

40 463 43 466 ⁴
91 441 320 490 adversus
360 447 640 493 catervatim
663 448 956 494 incurrentes
977 444 1229 492 Romanos
1255 480 1268 502 ,
1310 445 1364 492 &

91 508 352 576 interrupta
392 511 697 560 multifariam
727 515 829 561 acie
871 511 1065 561 obviam
1108 514 1175 559 ire
1207 527 1364 576 coge·-

90 575 293 638 bantur3
321 579 370 627 &
391 577 635 638 Romani,
662 598 963 646 quacumque
985 580 1092 626 data
1114 578 1366 627 intervalla

91 641 240 693 essent
262 682 276 702 ,
313 645 608 695 insinuabant
634 648 829 695 ordines
861 647 984 695 suos.
1030 646 1166 710 Qui,
1200 645 1234 694 si
1259 647 1364 694 uni-

89 713 229 760 versa
255 715 354 762 acie
381 716 428 762 in
449 714 661 763 frontem
689 715 917 763 adversus
944 712 1210 761 instruGtam
1240 713 1363 778 pha-

88 778 280 846 langem
313 782 648 831 concurrissent
672 820 684 840 ‚
722 782 854 847 quod
888 781 1090 847 Pelignis
1124 781 1361 845 principio

88 863 259 913 pugnae
278 850 463 897 incaute
483 848 739 916 congressis
765 849 994 898 adversus
1012 862 1219 896 cetratos
1245 863 1363 896 eve-

87 917 156 962 nit
179 953 193 974 ,
231 916 479 966 induissent
502 918 546 967 se
576 916 714 966 hastis
737 956 752 980 ,
780 934 870 966 nec
899 915 1168 966 confertam
1203 917 1358 964 aciem

85 980 411 1034 sustinuissent.

154 1049 304 1099 XLII.
338 1052 572 1102 Ceterum
599 1051 714 1101 sicut
750 1052 969 1118 peditum
999 1048 1165 1115 paffim
1200 1049 1356 1099 caedes

85 1114 266 1167 fiebant
287 1156 302 1178 ‚
344 1120 427 1168 nis1
475 1122 555 1186 qui
589 1119 781 1182 abjeffis
817 1123 958 1167 armis
989 1118 1210 1186 fugerunt
1240 1156 1254 1177 ,
1292 1117 1355 1166 sic

84 1187 320 1251 equitatus
368 1205 522 1254 prope
554 1190 738 1255 integer
768 1188 929 1254 pugna
963 1184 1173 1236 exceffit.
1219 1184 1353 1233 Prin·
1397 1187 1569 1243 Equita-

85 1269 200 1318 ceps
235 1254 357 1320 fugae
382 1273 462 1304 rex
485 1254 584 1322 ipse
623 1271 757 1310 eratt,
791 1255 888 1321 jam
925 1273 950 1303 a
982 1254 1152 1320 Pydna
1184 1252 1214 1302 6
1244 1271 1352 1302 cum
1371 1261 1431 1289 Μ
1460 1250 1568 1316 inre·

82 1318 233 1370 Sacris
256 1324 339 1369 alis
368 1324 577 1389 equitum
607 1323 788 1372 Pellam
824 1323 1020 1388 petebat
1048 1340 1058 1369 :
1098 1320 1351 1370 confestim
1368 1310 1564 1368 g-'ffflfflss

84 1404 170 1437 eos
205 1387 368 1456 Cotys
412 1391 696 1458 sequebatur
722 1429 737 1450 ‚
781 1389 1180 1456 Odrysarumque
1214 1391 1357 1456 equi-

80 1468 237 1515 tatus;
270 1474 440 1508 ceterae
471 1477 668 1525 quoque
686 1458 1019 1508 Macedonum
1046 1458 1131 1506 alae
1154 1458 1354 1524 integris

80 1525 276 1573 abibant
330 1528 622 1576 ordinibus:
686 1529 797 1594 quia
840 1524 1087 1590 interjeRa
1130 1525 1352 1591 peditum

79 1592 207 1640 acies
225 1630 238 1651 ‚
273 1593 405 1657 cujus
427 1596 581 1643 caedes
605 1594 812 1643 victores
835 1594 1030 1643 tenebat
1051 1632 1066 1654 ,
1096 1594 1353 1642 immemo⁰

78 1675 154 1707 res
198 1659 379 1710 fecerat
426 1663 653 1727 sequendi
693 1664 895 1728 equites.
943 1660 1045 1709 Diu
1080 1660 1285 1725 phalanx
1319 1678 1350 1710 a

79 1725 240 1775 fronte
264 1765 277 1786 ‚
316 1748 339 1777 a
361 1730 583 1780 lateribus
603 1768 619 1790 ‚
652 1732 711 1779 ab
745 1745 881 1796 tergo
904 1728 1018 1778 caesa
1042 1728 1107 1777 est
1129 1747 1139 1776 ε
1165 1726 1350 1794 postre-

78 1794 195 1853 mo,
240 1798 319 1860 qui
366 1813 426 1845 ex
471 1796 675 1846 hostium
717 1799 935 1846 manibus
976 1795 1118 1861 elapsi
1165 1809 1301 1844 erant
1329 1833 1349 1854 ,

75 1861 284 1911 inermes
333 1865 392 1911 ad
439 1883 568 1913 mare
614 1865 853 1932 fugientes
887 1903 903 1926 ,
941 1864 1138 1929 quidam
1175 1880 1349 1929 aquam

75 1930 220 1977 etiam
242 1930 430 1996 ingreffi
451 1969 465 1990 ‚
498 1950 664 1981 manus
686 1933 746 1982 ad
766 1949 850 1982 eos
877 1934 959 1999 qui
982 1934 1029 1981 in
1048 1930 1185 1982 claffe
1207 1946 1344 1980 erant

76 1997 331 2046 tendentes
352 2037 369 2058 ‚
403 1998 676 2066 suppliciter
699 2002 847 2050 vitam
867 2001 1066 2050 orabant
1088 2016 1101 2050 ι
1123 2000 1174 2048 &
1197 2016 1347 2064 quum

38 2071 41 2073 ’
77 2063 272 2129 scaphas
309 2083 596 2116 concurrere
621 2069 836 2132 undique
864 2069 923 2116 ab
949 2068 1156 2116 navibus?
1175 2083 1350 2115 cerne-

29 2146 37 2151 *
75 2147 180 2180 rent
205 2169 218 2190 ‚
255 2133 315 2180 ad
347 2135 657 2199 excipiendos
687 2135 782 2184 sese
816 2137 978 2184 venire
1015 2137 1135 2195 rati,
1176 2149 1226 2182 ut
1260 2153 1349 2182 ca·-

76 2215 247 2264 perent
279 2203 438 2266 potius
463 2240 477 2260 ,
511 2202 656 2268 quam
694 2203 974 2252 occiderent
1008 2241 1022 2262 ‚
1064 2203 1253 2266 longius
1299 2204 1347 2250 in

78 2283 248 2331 aquam
268 2305 283 2325 ,
304 2269 496 2333 quidam
518 2271 659 2319 etiam
682 2285 900 2319 natantes
923 2308 938 2329 ‚
975 2267 1204 2336 progressi
1229 2268 1348 2318 sunt.

77 2333 173 2383 Sed
192 2352 338 2400 quum
360 2335 629 2387 hostilitere
649 2337 829 2404 scaphis
855 2338 1147 2389 caederentur
1175 2374 1189 2397 ,
1217 2351 1347 2386 retro

142 2451 161 2488 5
187 2438 475 2482 Immobilem...
500 2443 674 2496 hastam]
804 2441 829 2481 6
851 2444 940 2481 Cum
957 2438 1082 2494 sactis
1106 2440 1180 2479 alis
1210 2457 1214 2471 ·
1245 2440 1346 2482 Vici.

78 2499 260 2546 Hastam,
285 2517 371 2555 quae
389 2505 440 2542 ob
463 2504 678 2559 longitudi·
741 2513 829 2543 not.
852 2515 866 2542 1
888 2531 898 2550 ,
922 2503 1009 2543 adl.
1029 2501 1142 2542 XLII
1164 2533 1177 2553 ,
1197 2515 1232 2542 c.
1248 2501 1349 2551 66,

77 2575 166 2600 nem
203 2563 243 2602 &
287 2565 524 2617 gravitatem
561 2564 678 2608 facile
741 2564 872 2620 supra.

78 2624 231 2665 moveri
257 2625 414 2682 nequit.
