1670 3068
371 102 729 158 LIBER
823 97 1121 155 XLIV.
1249 118 1360 175 413

95 175 220 224 viam
243 215 257 238 ‚
290 192 343 228 ut
378 179 548 247 quart&
578 179 744 247 vigilia
780 180 925 227 tertio
963 178 1038 227 die
1079 193 1099 225 1
1134 175 1363 242 Pythium
1385 192 1573 244 U,c,5g4,

93 243 267 295 adoriri
288 247 493 312 possent.
534 247 637 313 Ipse
672 243 865 311 postero
894 246 970 294 die
993 283 1006 303 ‚
1041 258 1092 292 ut
1117 244 1571 296 diffluerem-ems.

90 327 253 378 regem
282 315 341 362 ab
379 315 718 382 circumspeRU
747 331 905 363 rerum
929 313 1127 361 aliarum
1152 349 1165 371 ,
1205 315 1360 377 prim&

89 377 196 428 luce
227 383 389 432 medio
428 386 475 431 in
510 382 653 433 alveo
687 400 796 431 cum
837 380 1113 430 stationibus
1152 379 1358 429 hostium

88 449 303 510 praeliurn
327 450 563 500 commisit
588 468 602 510 3
642 465 1005 517 pugnatumque
1029 449 1269 514 utrimque
1294 447 1360 497 est

85 514 182 562 levi
217 520 455 568 armatur&
493 536 506 567 :
553 536 645 567 nec
676 519 976 585 gravioribus
1008 517 1148 564 armis
1177 517 1225 563 in
1257 531 1355 565 tam
1421 520 1570 561 Praelia

86 581 303 648 inaequali
321 588 465 636 alveo
487 588 683 653 pugnari
705 601 918 651 poterat.
952 582 1223 633 Descensus
1241 585 1354 650 ripae
1374 581 1412 620 in
1439 583 1555 651 ‘flvfo

84 652 324 719 utriusque
344 657 389 703 in
405 655 598 703 alveum
619 669 948 702 trecentorum
968 652 1120 700 ferme
1142 649 1356 717 passuum
1376 643 1540 699 Enzpez.

82 732 216 768 erat:
243 722 455 771 medium
482 721 683 788 spatium
704 723 933 770 torrentis
965 719 1076 767 alibi
1118 721 1254 769 aliter
1279 737 1357 768 ca·-

45 801 63 813 ·‘
81 787 180 834 vati
211 791 356 854 paulo
384 791 489 856 plus
522 790 667 857 quiam
703 789 832 837 mille
864 785 1015 853 paffus
1041 788 1254 851 patebat.
1281 786 1355 837 Ibi

82 852 129 900 in
154 857 320 908 medio
342 896 356 918 3
391 857 707 924 spe&antibus
743 857 983 921 utrimque
1017 872 1076 904 ex
1120 856 1250 903 vallo
1277 874 1360 904 ca-

81 918 283 973 strorum
320 926 429 975 hinc
458 944 606 993 rege,
648 927 758 973 hinc
797 923 990 972 consule
1028 940 1136 972 cum
1172 921 1260 970 suis
1293 925 1361 972 le-

82 991 306 1054 gionibus
326 1031 341 1053 ,
371 1009 635 1061 pugnatum
655 993 738 1042 est.
757 990 1010 1041 Miffilibus
1035 991 1204 1057 procul
1226 994 1358 1058 regia

87 1060 258 1109 auxilia
307 1064 478 1111 melius
514 1062 794 1128 pugnabant
837 1078 851 1120 3
901 1061 1119 1109 cominus
1151 1057 1361 1109 stabilior

84 1123 136 1172 &
170 1131 347 1188 tutior,
391 1148 419 1178 2
453 1146 533 1179 aut
568 1130 766 1194 ptume,
801 1143 880 1177 aut
904 1126 1036 1176 scuto
1076 1126 1359 1193 Ligustino,

78 1190 332 1244 Romanus
361 1212 477 1246 erat.
507 1196 715 1246 Meridie
747 1195 847 1245 fere
881 1196 1097 1261 receptui
1131 1197 1235 1243 cani
1266 1194 1356 1244 suis

79 1262 242 1312 consul
262 1262 385 1328 juffit
409 1283 424 1325 3
446 1268 511 1314 ita
530 1283 590 1314 eo
611 1266 686 1313 die
706 1264 998 1329 diremptum
1025 1263 1241 1329 praelium
1261 1262 1354 1323 est,

80 1327 206 1379 haud
248 1335 411 1398 paucis
454 1336 695 1399 utrimque
743 1331 1018 1381 interfeffis.
1083 1330 1197 1379 Sole
1244 1347 1359 1380 orto

78 1397 273 1462 postero
307 1400 384 1449 die
405 1439 420 1461 ‚
456 1403 646 1450 irritatis
677 1401 939 1449 certamine
966 1400 1137 1447 animis
1161 1436 1178 1460 ‚
1212 1401 1359 1448 etiam

78 1468 229 1516 acrius
247 1467 530 1518 concursum
554 1467 621 1518 est
645 1487 656 1517 :
690 1468 772 1517 sed
788 1467 1029 1528 Romani,
1066 1485 1166 1516 non
1197 1468 1255 1515 ab
1282 1468 1356 1517 his

78 1537 264 1584 tantum
294 1554 402 1585 cum
437 1538 609 1603 quibus
633 1535 931 1585 contrastum
955 1550 1199 1584 certamen
1225 1549 1358 1597 erat,

76 1600 157 1649 sed
191 1604 344 1652 multo
376 1607 527 1672 magis
560 1622 616 1654 ea
652 1603 954 1653 multitudine
995 1620 1099 1668 quae
1132 1601 1356 1668 disposita

76 1670 124 1716 in
157 1673 361 1720 turribus
389 1671 538 1722 stabat
559 1709 573 1731 ,
607 1675 741 1721 omni
761 1688 939 1736 genere
968 1670 1207 1720 miffilium
1228 1672 1357 1720 telo·-

74 1755 178 1786 rum
216 1757 270 1788 ac
305 1739 422 1790 saxis
446 1742 652 1789 maxime
682 1741 1075 1789 vulnerabantur.
1113 1737 1210 1786 Ubi
1237 1758 1355 1804 pro-

34 1819 56 1827 *
76 1807 181 1871 pius
223 1809 376 1873 ripam
407 1807 613 1858 hostium
645 1806 865 1856 subiffent
891 1846 905 1867 ,
939 1809 1195 1855 tormentis
1222 1807 1354 1857 missa

75 1875 219 1921 etiam
248 1875 308 1924 ad
332 1877 528 1926 ultimos
561 1878 930 1942 perveniebant.
954 1874 1116 1923 Multo
1136 1874 1351 1939 pluribus

74 1956 135 1990 eo
159 1942 236 1992 die
265 1942 436 1995 arniffis
455 1981 473 2003 ,
506 1944 669 1993 consul
694 1945 838 2010 paulo
859 1942 1005 1992 serius
1023 1945 1206 2008 recepit
1226 1941 1355 1993 suos·

72 2007 244 2059 Tertio
275 2011 354 2060 die
387 2011 554 2077 praelio
577 2011 795 2060 abstinuit
818 2049 832 2071 ‚
860 2008 1096 2077 degressus
1118 2011 1177 2058 ad
1202 2013 1351 2060 imam

71 2091 262 2144 partem
293 2077 553 2130 castrorum
589 2119 605 2143 ,
655 2080 806 2131 veluti
840 2093 862 2144 3
907 2096 993 2145 per
1026 2078 1270 2127 devexum
1303 2081 1354 2128 in

138 2215 156 2244 1
193 2203 375 2259 Pythium
402 2204 419 2257 ]
462 2205 676 2258 Templum
740 2205 806 2258 qui
835 2217 1011 2258 parmam
1039 2204 1241 2244 habebant
1266 2219 1278 2252 3
1307 2206 1350 2246 δι’.

71 2264 271 2318 Apollinis
294 2265 458 2321 Pythii,
477 2266 518 2307 δε
538 2267 677 2307 castel·
738 2266 933 2320 Ligures,
964 2266 1028 2319 qui
1068 2265 1220 2305 scutum
1241 2298 1251 2315 ‚
1280 2266 1349 2306 sed

69 2327 149 2366 lum
180 2327 221 2366 in
250 2327 401 2368 summo
423 2328 589 2383 Olympi
615 2327 675 2382 ju·
739 2329 830 2368 leve
849 2328 890 2367 ὅ(
908 2341 957 2368 ex
973 2340 1087 2366 more
1101 2327 1176 2367 suae
1196 2328 1347 2382 gentis.

69 2401 120 2442 go
149 2387 334 2442 politum.
364 2388 463 2432 Vid.
490 2389 598 2430 Plut.
633 2390 672 2430 in
803 2400 822 2441 3
848 2386 930 2428 Per
961 2390 1147 2428 devexum
1169 2389 1208 2428 in
1242 2404 1347 2428 mare

68 2446 253 2491 AEmilio.
737 2450 964 2504 brachium]
995 2450 1060 2490 An
1093 2449 1227 2490 fossam
1258 2452 1349 2490 val-

129 2524 154 2551 2
176 2512 260 2552 Aac
280 2510 444 2566 parnnf,
467 2524 535 2551 aut
554 2508 670 2565 scuto
735 2513 896 2567 lumque
915 2528 933 2551 a
949 2511 1096 2552 Perseo
1115 2512 1227 2551 daila
1246 2527 1343 2551 ver·

66 2571 297 2627 Ligustino]
329 2572 407 2613 Hic
433 2587 578 2627 nempe
597 2589 671 2628 pu-
734 2573 799 2615 stis
820 2588 925 2614 mare
944 2601 954 2621 ‚
988 2587 1032 2612 ac
1053 2573 1219 2624 proinde
1238 2588 1255 2612 a
1277 2588 1342 2612 ce-

66 2635 236 2688 gnabant
272 2636 420 2678 velites
463 2636 632 2677 Romani
651 2663 665 2684 ,
734 2636 831 2677 teris
879 2634 1134 2676 munimentis
1180 2635 1339 2691 longius

952 2691 983 2742 s
1022 2692 1066 2757 223
