<?xml version="1.0" encoding="UTF-8"?>
<!DOCTYPE html PUBLIC "-//W3C//DTD XHTML 1.0 Transitional//EN"
    "http://www.w3.org/TR/xhtml1/DTD/xhtml1-transitional.dtd">
<html xmlns="http://www.w3.org/1999/xhtml" xml:lang="en" lang="en">
 <head>
  <title>
</title>
<meta http-equiv="Content-Type" content="text/html;charset=utf-8" />
  <meta name='ocr-system' content='tesseract 3.04.00' />
  <meta name='ocr-capabilities' content='ocr_page ocr_carea ocr_par ocr_line ocrx_word'/>
</head>
<body>
  <div class='ocr_page' id='page_1' title='image "./tliviipatavinihi0302livy/tliviipatavinihi0302livy_0411.png"; bbox 0 0 1670 3068; ppageno 0'>
   <div class='ocr_carea' id='block_1_1' title="bbox 0 34 18 43">
    <p class='ocr_par' dir='ltr' id='par_1_1' title="bbox 0 34 18 43">
     <span class='ocr_line' id='line_1_1' title="bbox 0 34 18 43; baseline 0 0"><span class='ocrx_word' id='word_1_1' title='bbox 0 34 18 43; x_wconf 54' lang='grc' dir='ltr'>κ</span> 
     </span>
    </p>
   </div>
   <div class='ocr_carea' id='block_1_2' title="bbox 3 94 1539 2487">
    <p class='ocr_par' dir='ltr' id='par_1_2' title="bbox 3 94 1499 1464">
     <span class='ocr_line' id='line_1_2' title="bbox 298 94 1487 174; baseline 0.002 -20"><span class='ocrx_word' id='word_1_2' title='bbox 298 94 652 154; x_wconf 78' lang='lat' dir='ltr'>LIBER</span> <span class='ocrx_word' id='word_1_3' title='bbox 748 97 1040 154; x_wconf 90' lang='lat' dir='ltr'>XLIV.</span> <span class='ocrx_word' id='word_1_4' title='bbox 1165 117 1284 174; x_wconf 90' lang='lat'>407</span> <span class='ocrx_word' id='word_1_5' title='bbox 1477 166 1487 170; x_wconf 27' lang='lat'><em>⁷</em></span> 
     </span>
     <span class='ocr_line' id='line_1_3' title="bbox 10 177 1473 243; baseline 0.001 -16"><span class='ocrx_word' id='word_1_6' title='bbox 10 177 172 227; x_wconf 65' lang='lat' dir='ltr'>timum</span> <span class='ocrx_word' id='word_1_7' title='bbox 213 194 392 228; x_wconf 81' lang='lat' dir='ltr'>oram:</span> <span class='ocrx_word' id='word_1_8' title='bbox 432 192 483 225; x_wconf 88' lang='lat' dir='ltr'>ut</span> <span class='ocrx_word' id='word_1_9' title='bbox 509 215 524 238; x_wconf 86' lang='lat'>‚</span> <span class='ocrx_word' id='word_1_10' title='bbox 569 194 877 243; x_wconf 85' lang='lat' dir='ltr'>quocumque</span> <span class='ocrx_word' id='word_1_11' title='bbox 925 177 1085 225; x_wconf 83' lang='lat' dir='ltr'>littore</span> <span class='ocrx_word' id='word_1_12' title='bbox 1121 180 1473 243; x_wconf 56' lang='lat' dir='ltr'>appli-U‚c‚zffl</span> 
     </span>
     <span class='ocr_line' id='line_1_4' title="bbox 3 243 1490 309; baseline -0.003 -16"><span class='ocrx_word' id='word_1_13' title='bbox 3 244 146 294; x_wconf 77' lang='lat' dir='ltr'>,tuisse</span> <span class='ocrx_word' id='word_1_14' title='bbox 181 262 328 294; x_wconf 81' lang='lat' dir='ltr'>naves</span> <span class='ocrx_word' id='word_1_15' title='bbox 358 245 565 294; x_wconf 81' lang='lat' dir='ltr'>hostium</span> <span class='ocrx_word' id='word_1_16' title='bbox 600 243 829 294; x_wconf 82' lang='lat' dir='ltr'>audiffent</span> <span class='ocrx_word' id='word_1_17' title='bbox 852 282 865 304; x_wconf 90' lang='lat'>,</span> <span class='ocrx_word' id='word_1_18' title='bbox 898 246 1146 309; x_wconf 77' lang='lat' dir='ltr'>extemplo</span> <span class='ocrx_word' id='word_1_19' title='bbox 1183 247 1282 294; x_wconf 85' lang='lat' dir='ltr'>fer-</span> <span class='ocrx_word' id='word_1_20' title='bbox 1299 250 1490 293; x_wconf 77' lang='lat' dir='ltr'>a.C.168.</span> 
     </span>
     <span class='ocr_line' id='line_1_5' title="bbox 13 312 1288 378; baseline 0 -16"><span class='ocrx_word' id='word_1_21' title='bbox 13 328 116 362; x_wconf 69' lang='lat' dir='ltr'>rent</span> <span class='ocrx_word' id='word_1_22' title='bbox 150 313 408 378; x_wconf 84' lang='lat' dir='ltr'>agrestibus</span> <span class='ocrx_word' id='word_1_23' title='bbox 443 330 592 378; x_wconf 84' lang='lat' dir='ltr'>opem</span> <span class='ocrx_word' id='word_1_24' title='bbox 639 331 653 372; x_wconf 89' lang='lat'>;</span> <span class='ocrx_word' id='word_1_25' title='bbox 687 315 897 378; x_wconf 88' lang='lat' dir='ltr'>quinque</span> <span class='ocrx_word' id='word_1_26' title='bbox 936 312 1081 360; x_wconf 79' lang='lat' dir='ltr'>millia</span> <span class='ocrx_word' id='word_1_27' title='bbox 1116 312 1288 362; x_wconf 75' lang='lat' dir='ltr'>Mace-</span> 
     </span>
     <span class='ocr_line' id='line_1_6' title="bbox 16 378 1287 446; baseline -0.002 -17"><span class='ocrx_word' id='word_1_28' title='bbox 16 379 196 429; x_wconf 85' lang='lat' dir='ltr'><strong>donum</strong></span> <span class='ocrx_word' id='word_1_29' title='bbox 246 379 375 428; x_wconf 84' lang='lat' dir='ltr'>miffa</span> <span class='ocrx_word' id='word_1_30' title='bbox 407 381 467 428; x_wconf 87' lang='lat' dir='ltr'>ad</span> <span class='ocrx_word' id='word_1_31' title='bbox 506 380 775 446; x_wconf 80' lang='lat' dir='ltr'>praesidium</span> <span class='ocrx_word' id='word_1_32' title='bbox 810 379 971 446; x_wconf 85' lang='lat' dir='ltr'>Pythii</span> <span class='ocrx_word' id='word_1_33' title='bbox 1004 381 1056 428; x_wconf 73' lang='grc' dir='ltr'>ὅ(</span> <span class='ocrx_word' id='word_1_34' title='bbox 1093 378 1241 429; x_wconf 82' lang='lat' dir='ltr'>Petrae</span> <span class='ocrx_word' id='word_1_35' title='bbox 1272 417 1287 440; x_wconf 86' lang='lat'>,</span> 
     </span>
     <span class='ocr_line' id='line_1_7' title="bbox 17 446 1291 514; baseline 0 -19"><span class='ocrx_word' id='word_1_36' title='bbox 17 449 187 514; x_wconf 89' lang='lat' dir='ltr'>quibus</span> <span class='ocrx_word' id='word_1_37' title='bbox 229 446 468 513; x_wconf 79' lang='lat' dir='ltr'>praeposlti</span> <span class='ocrx_word' id='word_1_38' title='bbox 502 464 636 497; x_wconf 80' lang='lat' dir='ltr'>erant</span> <span class='ocrx_word' id='word_1_39' title='bbox 678 447 929 509; x_wconf 82' lang='lat' dir='ltr'>Histiaeus,</span> <span class='ocrx_word' id='word_1_40' title='bbox 975 449 1025 496; x_wconf 87' lang='lat'>&amp;</span> <span class='ocrx_word' id='word_1_41' title='bbox 1056 446 1291 513; x_wconf 81' lang='lat' dir='ltr'>Theoge-</span> 
     </span>
     <span class='ocr_line' id='line_1_8' title="bbox 16 514 1499 583; baseline -0.001 -19"><span class='ocrx_word' id='word_1_42' title='bbox 16 532 135 575; x_wconf 71' lang='lat' dir='ltr'>nes»,</span> <span class='ocrx_word' id='word_1_43' title='bbox 164 516 214 563; x_wconf 72' lang='grc' dir='ltr'>ὃ(</span> <span class='ocrx_word' id='word_1_44' title='bbox 246 515 387 564; x_wconf 88' lang='lat' dir='ltr'>Milo.</span> <span class='ocrx_word' id='word_1_45' title='bbox 425 515 511 563; x_wconf 89' lang='lat' dir='ltr'>His</span> <span class='ocrx_word' id='word_1_46' title='bbox 544 515 771 580; x_wconf 73' lang='lat' dir='ltr'>profeffis</span> <span class='ocrx_word' id='word_1_47' title='bbox 795 519 945 582; x_wconf 81' lang='lat' dir='ltr'>ripam</span> <span class='ocrx_word' id='word_1_48' title='bbox 967 518 1149 565; x_wconf 80' lang='lat' dir='ltr'>munire</span> <span class='ocrx_word' id='word_1_49' title='bbox 1168 514 1290 563; x_wconf 83' lang='lat' dir='ltr'>Eni-</span> <span class='ocrx_word' id='word_1_50' title='bbox 1357 531 1499 583; x_wconf 60' lang='lat' dir='ltr'>Ripam</span> 
     </span>
     <span class='ocr_line' id='line_1_9' title="bbox 19 582 1451 651; baseline -0.001 -20"><span class='ocrx_word' id='word_1_51' title='bbox 19 584 96 650; x_wconf 86' lang='lat' dir='ltr'>pei</span> <span class='ocrx_word' id='word_1_52' title='bbox 130 583 336 632; x_wconf 88' lang='lat' dir='ltr'>fluminis</span> <span class='ocrx_word' id='word_1_53' title='bbox 385 582 620 651; x_wconf 70' lang='lat' dir='ltr'>aggressus</span> <span class='ocrx_word' id='word_1_54' title='bbox 664 583 732 631; x_wconf 88' lang='lat' dir='ltr'>est</span> <span class='ocrx_word' id='word_1_55' title='bbox 764 622 778 643; x_wconf 82' lang='lat'>,</span> <span class='ocrx_word' id='word_1_56' title='bbox 823 586 932 650; x_wconf 79' lang='lat' dir='ltr'>quia</span> <span class='ocrx_word' id='word_1_57' title='bbox 977 583 1096 632; x_wconf 82' lang='lat' dir='ltr'>sicco</span> <span class='ocrx_word' id='word_1_58' title='bbox 1147 585 1288 632; x_wconf 84' lang='lat' dir='ltr'>alveo</span> <span class='ocrx_word' id='word_1_59' title='bbox 1307 592 1451 646; x_wconf 61' lang='lat' dir='ltr'>Enipsi</span> 
     </span>
     <span class='ocr_line' id='line_1_10' title="bbox 23 649 1444 718; baseline 0 -18"><span class='ocrx_word' id='word_1_60' title='bbox 23 649 202 700; x_wconf 81' lang='lat' dir='ltr'>tranfiri</span> <span class='ocrx_word' id='word_1_61' title='bbox 240 667 448 718; x_wconf 78' lang='lat' dir='ltr'>poterat.</span> <span class='ocrx_word' id='word_1_62' title='bbox 472 651 598 699; x_wconf 85' lang='lat' dir='ltr'>Huic</span> <span class='ocrx_word' id='word_1_63' title='bbox 619 653 757 717; x_wconf 73' lang='lat' dir='ltr'>operi</span> <span class='ocrx_word' id='word_1_64' title='bbox 788 667 836 699; x_wconf 85' lang='lat' dir='ltr'>ut</span> <span class='ocrx_word' id='word_1_65' title='bbox 859 654 1016 700; x_wconf 88' lang='lat' dir='ltr'>omnis</span> <span class='ocrx_word' id='word_1_66' title='bbox 1037 651 1444 701; x_wconf 80' lang='lat' dir='ltr'>multitudomunit·</span> 
     </span>
     <span class='ocr_line' id='line_1_11' title="bbox 19 719 1295 784; baseline 0.001 -17"><span class='ocrx_word' id='word_1_67' title='bbox 19 735 240 780; x_wconf 81' lang='lat' dir='ltr'>vacaret,</span> <span class='ocrx_word' id='word_1_68' title='bbox 275 719 466 768; x_wconf 82' lang='lat' dir='ltr'>feminae</span> <span class='ocrx_word' id='word_1_69' title='bbox 491 737 549 769; x_wconf 89' lang='lat' dir='ltr'>ex</span> <span class='ocrx_word' id='word_1_70' title='bbox 587 721 867 784; x_wconf 73' lang='lat' dir='ltr'>propinquis</span> <span class='ocrx_word' id='word_1_71' title='bbox 894 720 1088 767; x_wconf 81' lang='lat' dir='ltr'>urbibus</span> <span class='ocrx_word' id='word_1_72' title='bbox 1119 719 1295 768; x_wconf 65' lang='lat' dir='ltr'>coa&amp;ae</span> 
     </span>
     <span class='ocr_line' id='line_1_12' title="bbox 23 785 1298 851; baseline 0.001 -16"><span class='ocrx_word' id='word_1_73' title='bbox 23 787 195 836; x_wconf 83' lang='lat' dir='ltr'>cibaria</span> <span class='ocrx_word' id='word_1_74' title='bbox 244 790 290 835; x_wconf 90' lang='lat' dir='ltr'>in</span> <span class='ocrx_word' id='word_1_75' title='bbox 343 787 485 835; x_wconf 82' lang='lat' dir='ltr'>casti-a</span> <span class='ocrx_word' id='word_1_76' title='bbox 525 785 823 836; x_wconf 79' lang='lat' dir='ltr'>afferebant:</span> <span class='ocrx_word' id='word_1_77' title='bbox 878 787 1013 835; x_wconf 82' lang='lat' dir='ltr'>miles</span> <span class='ocrx_word' id='word_1_78' title='bbox 1052 785 1193 851; x_wconf 79' lang='lat' dir='ltr'>jussus</span> <span class='ocrx_word' id='word_1_79' title='bbox 1237 804 1298 836; x_wconf 85' lang='lat' dir='ltr'>ex</span> 
     </span>
     <span class='ocr_line' id='line_1_13' title="bbox 24 852 1486 922; baseline -0.002 -20"><span class='ocrx_word' id='word_1_80' title='bbox 24 856 307 922; x_wconf 84' lang='lat' dir='ltr'>propinquis</span> <span class='ocrx_word' id='word_1_81' title='bbox 334 854 482 921; x_wconf 89' lang='lat' dir='ltr'>sylvis</span> <span class='ocrx_word' id='word_1_82' title='bbox 515 854 679 922; x_wconf 80' lang='lat' dir='ltr'>[ligna</span> <span class='ocrx_word' id='word_1_83' title='bbox 703 868 886 920; x_wconf 86' lang='lat' dir='ltr'>petere.</span> <span class='ocrx_word' id='word_1_84' title='bbox 923 852 1041 902; x_wconf 89' lang='lat' dir='ltr'>Inde</span> <span class='ocrx_word' id='word_1_85' title='bbox 1078 853 1298 904; x_wconf 68' lang='lat' dir='ltr'>stru&amp;um</span> <span class='ocrx_word' id='word_1_86' title='bbox 1346 856 1486 913; x_wconf 75' lang='lat' dir='ltr'>suppl.</span> 
     </span>
     <span class='ocr_line' id='line_1_14' title="bbox 27 920 1304 990; baseline 0 -19"><span class='ocrx_word' id='word_1_87' title='bbox 27 923 207 971; x_wconf 80' lang='lat' dir='ltr'>vallum</span> <span class='ocrx_word' id='word_1_88' title='bbox 231 963 241 981; x_wconf 86' lang='lat'>,</span> <span class='ocrx_word' id='word_1_89' title='bbox 277 924 635 990; x_wconf 77' lang='lat' dir='ltr'>propugnacula</span> <span class='ocrx_word' id='word_1_90' title='bbox 673 924 879 971; x_wconf 80' lang='lat' dir='ltr'>excitata</span> <span class='ocrx_word' id='word_1_91' title='bbox 907 960 920 981; x_wconf 87' lang='lat'>,</span> <span class='ocrx_word' id='word_1_92' title='bbox 965 920 1160 987; x_wconf 68' lang='lat' dir='ltr'>adjeffis</span> <span class='ocrx_word' id='word_1_93' title='bbox 1196 937 1304 971; x_wconf 84' lang='lat' dir='ltr'>tur-</span> 
     </span>
     <span class='ocr_line' id='line_1_15' title="bbox 27 990 1306 1058; baseline 0 -19"><span class='ocrx_word' id='word_1_94' title='bbox 27 991 153 1039; x_wconf 86' lang='lat' dir='ltr'>ribus</span> <span class='ocrx_word' id='word_1_95' title='bbox 187 990 514 1058; x_wconf 82' lang='lat' dir='ltr'>dispositisque</span> <span class='ocrx_word' id='word_1_96' title='bbox 535 991 712 1056; x_wconf 84' lang='lat' dir='ltr'>ubique</span> <span class='ocrx_word' id='word_1_97' title='bbox 747 992 998 1039; x_wconf 80' lang='lat' dir='ltr'>tormentis</span> <span class='ocrx_word' id='word_1_98' title='bbox 1021 1029 1034 1050; x_wconf 88' lang='lat'>‚</span> <span class='ocrx_word' id='word_1_99' title='bbox 1065 993 1128 1039; x_wconf 84' lang='lat' dir='ltr'>ita</span> <span class='ocrx_word' id='word_1_100' title='bbox 1150 992 1306 1057; x_wconf 75' lang='lat' dir='ltr'>ripam</span> 
     </span>
     <span class='ocr_line' id='line_1_16' title="bbox 29 1057 1304 1125; baseline 0 -18"><span class='ocrx_word' id='word_1_101' title='bbox 29 1058 360 1108; x_wconf 79' lang='lat' dir='ltr'>defendebant</span> <span class='ocrx_word' id='word_1_102' title='bbox 389 1097 404 1120; x_wconf 85' lang='lat'>‚</span> <span class='ocrx_word' id='word_1_103' title='bbox 464 1075 511 1107; x_wconf 90' lang='lat' dir='ltr'>ut</span> <span class='ocrx_word' id='word_1_104' title='bbox 549 1074 801 1124; x_wconf 84' lang='lat' dir='ltr'>penetrare</span> <span class='ocrx_word' id='word_1_105' title='bbox 851 1057 994 1106; x_wconf 84' lang='lat' dir='ltr'>hostis</span> <span class='ocrx_word' id='word_1_106' title='bbox 1036 1057 1133 1107; x_wconf 83' lang='lat' dir='ltr'>fine</span> <span class='ocrx_word' id='word_1_107' title='bbox 1172 1061 1304 1125; x_wconf 79' lang='lat' dir='ltr'>gravi</span> 
     </span>
     <span class='ocr_line' id='line_1_17' title="bbox 29 1124 1306 1193; baseline 0.001 -18"><span class='ocrx_word' id='word_1_108' title='bbox 29 1130 290 1176; x_wconf 84' lang='lat' dir='ltr'>certamine</span> <span class='ocrx_word' id='word_1_109' title='bbox 314 1128 362 1175; x_wconf 89' lang='lat'>&amp;</span> <span class='ocrx_word' id='word_1_110' title='bbox 386 1129 599 1193; x_wconf 87' lang='lat' dir='ltr'>periculo</span> <span class='ocrx_word' id='word_1_111' title='bbox 636 1145 736 1175; x_wconf 90' lang='lat' dir='ltr'>non</span> <span class='ocrx_word' id='word_1_112' title='bbox 771 1124 943 1193; x_wconf 88' lang='lat' dir='ltr'>posset.</span> <span class='ocrx_word' id='word_1_113' title='bbox 982 1125 1058 1175; x_wconf 88' lang='lat' dir='ltr'>Sic</span> <span class='ocrx_word' id='word_1_114' title='bbox 1081 1142 1236 1176; x_wconf 85' lang='lat' dir='ltr'>tutum</span> <span class='ocrx_word' id='word_1_115' title='bbox 1259 1126 1306 1176; x_wconf 92' lang='lat' dir='ltr'>se</span> 
     </span>
     <span class='ocr_line' id='line_1_18' title="bbox 31 1194 1306 1260; baseline 0.002 -17"><span class='ocrx_word' id='word_1_116' title='bbox 31 1194 259 1243; x_wconf 70' lang='lat' dir='ltr'>adversus</span> <span class='ocrx_word' id='word_1_117' title='bbox 310 1213 510 1244; x_wconf 90' lang='lat' dir='ltr'>omnem</span> <span class='ocrx_word' id='word_1_118' title='bbox 550 1195 880 1243; x_wconf 81' lang='lat' dir='ltr'>Romanorum</span> <span class='ocrx_word' id='word_1_119' title='bbox 920 1195 1156 1260; x_wconf 84' lang='lat' dir='ltr'>impetum</span> <span class='ocrx_word' id='word_1_120' title='bbox 1199 1194 1306 1245; x_wconf 83' lang='lat' dir='ltr'>fore</span> 
     </span>
     <span class='ocr_line' id='line_1_19' title="bbox 32 1260 1311 1330; baseline 0.001 -20"><span class='ocrx_word' id='word_1_121' title='bbox 32 1260 305 1311; x_wconf 81' lang='lat' dir='ltr'>confidebat</span> <span class='ocrx_word' id='word_1_122' title='bbox 333 1301 346 1322; x_wconf 82' lang='lat'><strong>‚</strong></span> <span class='ocrx_word' id='word_1_123' title='bbox 378 1263 690 1328; x_wconf 83' lang='lat' dir='ltr'>sedendoque</span> <span class='ocrx_word' id='word_1_124' title='bbox 711 1261 911 1330; x_wconf 80' lang='lat' dir='ltr'>&amp;segni</span> <span class='ocrx_word' id='word_1_125' title='bbox 934 1263 1069 1310; x_wconf 56' lang='lat' dir='ltr'>mor&amp;</span> <span class='ocrx_word' id='word_1_126' title='bbox 1097 1260 1311 1330; x_wconf 80' lang='lat' dir='ltr'>langues-</span> 
     </span>
     <span class='ocr_line' id='line_1_20' title="bbox 33 1329 1311 1396; baseline 0 -18"><span class='ocrx_word' id='word_1_127' title='bbox 33 1345 194 1379; x_wconf 84' lang='lat' dir='ltr'>centes</span> <span class='ocrx_word' id='word_1_128' title='bbox 225 1369 238 1390; x_wconf 84' lang='lat'><strong>‚</strong></span> <span class='ocrx_word' id='word_1_129' title='bbox 276 1347 378 1380; x_wconf 90' lang='lat' dir='ltr'>tum</span> <span class='ocrx_word' id='word_1_130' title='bbox 420 1330 684 1396; x_wconf 81' lang='lat' dir='ltr'>sumptibus</span> <span class='ocrx_word' id='word_1_131' title='bbox 721 1330 973 1379; x_wconf 79' lang='lat' dir='ltr'>exhaustos</span> <span class='ocrx_word' id='word_1_132' title='bbox 1007 1329 1166 1379; x_wconf 85' lang='lat' dir='ltr'>hostes</span> <span class='ocrx_word' id='word_1_133' title='bbox 1200 1347 1311 1379; x_wconf 84' lang='lat' dir='ltr'>tan-</span> 
     </span>
     <span class='ocr_line' id='line_1_21' title="bbox 35 1397 1313 1464; baseline 0.001 -18"><span class='ocrx_word' id='word_1_134' title='bbox 35 1398 147 1447; x_wconf 89' lang='lat' dir='ltr'>dem</span> <span class='ocrx_word' id='word_1_135' title='bbox 170 1399 363 1447; x_wconf 85' lang='lat' dir='ltr'>taedium</span> <span class='ocrx_word' id='word_1_136' title='bbox 398 1414 495 1447; x_wconf 86' lang='lat' dir='ltr'>tam</span> <span class='ocrx_word' id='word_1_137' title='bbox 530 1397 729 1447; x_wconf 85' lang='lat' dir='ltr'>difficilis</span> <span class='ocrx_word' id='word_1_138' title='bbox 756 1399 866 1447; x_wconf 84' lang='lat' dir='ltr'>belli</span> <span class='ocrx_word' id='word_1_139' title='bbox 892 1412 1153 1464; x_wconf 85' lang='lat' dir='ltr'>capturum.</span> <span class='ocrx_word' id='word_1_140' title='bbox 1177 1398 1313 1447; x_wconf 85' lang='lat' dir='ltr'>Paul-</span> 
     </span>
    </p>

    <p class='ocr_par' dir='ltr' id='par_1_3' title="bbox 23 1466 1315 1534">
     <span class='ocr_line' id='line_1_22' title="bbox 23 1466 1315 1534; baseline -0.001 -18"><span class='ocrx_word' id='word_1_141' title='bbox 23 1466 106 1516; x_wconf 90' lang='lat' dir='ltr'>.lus</span> <span class='ocrx_word' id='word_1_142' title='bbox 147 1467 348 1525; x_wconf 70' lang='grc' dir='ltr'>εοηῑτέι,</span> <span class='ocrx_word' id='word_1_143' title='bbox 386 1485 481 1532; x_wconf 88' lang='lat' dir='ltr'>quo</span> <span class='ocrx_word' id='word_1_144' title='bbox 520 1468 789 1534; x_wconf 74' lang='lat' dir='ltr'>diligentibs</span> <span class='ocrx_word' id='word_1_145' title='bbox 833 1467 883 1514; x_wconf 85' lang='lat'>&amp;</span> <span class='ocrx_word' id='word_1_146' title='bbox 927 1468 1108 1515; x_wconf 67' lang='lat' dir='ltr'>cautius</span> <span class='ocrx_word' id='word_1_147' title='bbox 1150 1468 1315 1516; x_wconf 85' lang='lat' dir='ltr'>omnia</span> 
     </span>
    </p>

    <p class='ocr_par' dir='ltr' id='par_1_4' title="bbox 39 1533 1316 1600">
     <span class='ocr_line' id='line_1_23' title="bbox 39 1533 1316 1600; baseline 0 -18"><span class='ocrx_word' id='word_1_148' title='bbox 39 1534 166 1599; x_wconf 84' lang='lat' dir='ltr'>apud</span> <span class='ocrx_word' id='word_1_149' title='bbox 201 1535 503 1583; x_wconf 83' lang='lat' dir='ltr'>Macedonas</span> <span class='ocrx_word' id='word_1_150' title='bbox 541 1536 729 1600; x_wconf 77' lang='lat' dir='ltr'>provisa</span> <span class='ocrx_word' id='word_1_151' title='bbox 775 1536 824 1583; x_wconf 70' lang='grc' dir='ltr'>ὃ(</span> <span class='ocrx_word' id='word_1_152' title='bbox 863 1533 1095 1583; x_wconf 82' lang='lat' dir='ltr'>custodita</span> <span class='ocrx_word' id='word_1_153' title='bbox 1138 1551 1316 1584; x_wconf 87' lang='lat' dir='ltr'>cerne-</span> 
     </span>
    </p>

    <p class='ocr_par' dir='ltr' id='par_1_5' title="bbox 41 1602 1320 1668">
     <span class='ocr_line' id='line_1_24' title="bbox 41 1602 1320 1668; baseline 0 -18"><span class='ocrx_word' id='word_1_154' title='bbox 41 1602 125 1650; x_wconf 82' lang='lat' dir='ltr'>bat</span> <span class='ocrx_word' id='word_1_155' title='bbox 145 1640 159 1661; x_wconf 87' lang='lat'>,</span> <span class='ocrx_word' id='word_1_156' title='bbox 189 1619 249 1651; x_wconf 87' lang='lat' dir='ltr'>eo</span> <span class='ocrx_word' id='word_1_157' title='bbox 273 1604 423 1651; x_wconf 61' lang='lat' dir='ltr'>acrius</span> <span class='ocrx_word' id='word_1_158' title='bbox 458 1620 617 1651; x_wconf 85' lang='lat' dir='ltr'>curam</span> <span class='ocrx_word' id='word_1_159' title='bbox 646 1603 926 1662; x_wconf 83' lang='lat' dir='ltr'>intendere,</span> <span class='ocrx_word' id='word_1_160' title='bbox 959 1604 1005 1650; x_wconf 91' lang='lat' dir='ltr'>in</span> <span class='ocrx_word' id='word_1_161' title='bbox 1030 1620 1197 1651; x_wconf 87' lang='lat' dir='ltr'>omnes</span> <span class='ocrx_word' id='word_1_162' title='bbox 1215 1621 1320 1668; x_wconf 83' lang='lat' dir='ltr'>par-</span> 
     </span>
    </p>

    <p class='ocr_par' dir='ltr' id='par_1_6' title="bbox 43 1669 1320 1736">
     <span class='ocr_line' id='line_1_25' title="bbox 43 1669 1320 1736; baseline 0.001 -17"><span class='ocrx_word' id='word_1_163' title='bbox 43 1684 116 1719; x_wconf 84' lang='lat' dir='ltr'>tes</span> <span class='ocrx_word' id='word_1_164' title='bbox 151 1670 336 1719; x_wconf 71' lang='lat' dir='ltr'>versare</span> <span class='ocrx_word' id='word_1_165' title='bbox 369 1674 579 1718; x_wconf 78' lang='lat' dir='ltr'>animum</span> <span class='ocrx_word' id='word_1_166' title='bbox 606 1709 619 1730; x_wconf 83' lang='lat'><strong>‚</strong></span> <span class='ocrx_word' id='word_1_167' title='bbox 662 1670 693 1719; x_wconf 82' lang='lat' dir='ltr'>si</span> <span class='ocrx_word' id='word_1_168' title='bbox 735 1688 832 1736; x_wconf 84' lang='lat' dir='ltr'>quo</span> <span class='ocrx_word' id='word_1_169' title='bbox 872 1670 1070 1719; x_wconf 76' lang='lat' dir='ltr'>consilio</span> <span class='ocrx_word' id='word_1_170' title='bbox 1114 1669 1320 1720; x_wconf 76' lang='lat' dir='ltr'>frustrati</span> 
     </span>
    </p>

    <p class='ocr_par' dir='ltr' id='par_1_7' title="bbox 44 1728 1321 1804">
     <span class='ocr_line' id='line_1_26' title="bbox 44 1728 1321 1804; baseline 0.001 -18"><span class='ocrx_word' id='word_1_171' title='bbox 44 1728 247 1786; x_wconf 78' lang='lat' dir='ltr'>hbstium</span> <span class='ocrx_word' id='word_1_172' title='bbox 279 1739 409 1804; x_wconf 80' lang='lat' dir='ltr'>spem</span> <span class='ocrx_word' id='word_1_173' title='bbox 444 1739 569 1787; x_wconf 75' lang='lat' dir='ltr'>haud</span> <span class='ocrx_word' id='word_1_174' title='bbox 608 1739 668 1787; x_wconf 84' lang='lat' dir='ltr'>de</span> <span class='ocrx_word' id='word_1_175' title='bbox 706 1739 856 1786; x_wconf 88' lang='lat' dir='ltr'>nihilo</span> <span class='ocrx_word' id='word_1_176' title='bbox 892 1738 998 1787; x_wconf 72' lang='lat' dir='ltr'>sane</span> <span class='ocrx_word' id='word_1_177' title='bbox 1030 1755 1321 1804; x_wconf 80' lang='lat' dir='ltr'>conceptam</span> 
     </span>
    </p>

    <p class='ocr_par' dir='ltr' id='par_1_8' title="bbox 50 1805 1323 1874">
     <span class='ocr_line' id='line_1_27' title="bbox 50 1805 1323 1874; baseline 0.001 -21"><span class='ocrx_word' id='word_1_178' title='bbox 50 1805 220 1872; x_wconf 75' lang='lat' dir='ltr'>posset.</span> <span class='ocrx_word' id='word_1_179' title='bbox 257 1806 491 1856; x_wconf 73' lang='lat' dir='ltr'>Cetetbm</span> <span class='ocrx_word' id='word_1_180' title='bbox 524 1807 726 1873; x_wconf 67' lang='lat' dir='ltr'>praesens</span> <span class='ocrx_word' id='word_1_181' title='bbox 750 1822 852 1855; x_wconf 87' lang='lat' dir='ltr'>tum</span> <span class='ocrx_word' id='word_1_182' title='bbox 884 1807 1062 1854; x_wconf 74' lang='lat' dir='ltr'>malum</span> <span class='ocrx_word' id='word_1_183' title='bbox 1085 1809 1323 1874; x_wconf 78' lang='lat' dir='ltr'>angebat,</span> 
     </span>
    </p>

    <p class='ocr_par' dir='ltr' id='par_1_9' title="bbox 49 1874 1531 1941">
     <span class='ocr_line' id='line_1_28' title="bbox 49 1874 1531 1941; baseline 0.001 -19"><span class='ocrx_word' id='word_1_184' title='bbox 49 1891 277 1940; x_wconf 83' lang='lat' dir='ltr'>aquarum</span> <span class='ocrx_word' id='word_1_185' title='bbox 313 1877 524 1940; x_wconf 83' lang='lat' dir='ltr'>penuria.</span> <span class='ocrx_word' id='word_1_186' title='bbox 574 1874 834 1923; x_wconf 82' lang='lat' dir='ltr'>Exaruerat</span> <span class='ocrx_word' id='word_1_187' title='bbox 878 1875 1004 1941; x_wconf 75' lang='lat' dir='ltr'>pene</span> <span class='ocrx_word' id='word_1_188' title='bbox 1048 1878 1325 1941; x_wconf 78' lang='lat' dir='ltr'>proximum</span> <span class='ocrx_word' id='word_1_189' title='bbox 1399 1880 1531 1934; x_wconf 70' lang='lat' dir='ltr'>Aqua·</span> 
     </span>
    </p>

    <p class='ocr_par' dir='ltr' id='par_1_10' title="bbox 51 1942 1514 2010">
     <span class='ocr_line' id='line_1_29' title="bbox 51 1942 1514 2010; baseline 0.001 -21"><span class='ocrx_word' id='word_1_190' title='bbox 51 1942 231 1990; x_wconf 87' lang='lat' dir='ltr'>flumen</span> <span class='ocrx_word' id='word_1_191' title='bbox 256 1979 270 2002; x_wconf 82' lang='grc'><em>,</em></span> <span class='ocrx_word' id='word_1_192' title='bbox 297 1942 380 1990; x_wconf 80' lang='lat' dir='ltr'>nisi</span> <span class='ocrx_word' id='word_1_193' title='bbox 406 1942 536 2008; x_wconf 79' lang='lat' dir='ltr'>qubd</span> <span class='ocrx_word' id='word_1_194' title='bbox 570 1942 699 2008; x_wconf 68' lang='lat' dir='ltr'>juxta</span> <span class='ocrx_word' id='word_1_195' title='bbox 734 1942 885 2009; x_wconf 85' lang='lat' dir='ltr'>ipsum</span> <span class='ocrx_word' id='word_1_196' title='bbox 912 1959 1042 1992; x_wconf 80' lang='lat' dir='ltr'>mare</span> <span class='ocrx_word' id='word_1_197' title='bbox 1076 1946 1246 2010; x_wconf 80' lang='lat' dir='ltr'>exigua</span> <span class='ocrx_word' id='word_1_198' title='bbox 1274 1943 1416 1991; x_wconf 67' lang='lat' dir='ltr'>&amp;rm</span> <span class='ocrx_word' id='word_1_199' title='bbox 1449 1957 1514 1995; x_wconf 65' lang='lat' dir='ltr'>pe-</span> 
     </span>
    </p>

    <p class='ocr_par' dir='ltr' id='par_1_11' title="bbox 53 2008 1451 2146">
     <span class='ocr_line' id='line_1_30' title="bbox 53 2008 1451 2079; baseline 0 -20"><span class='ocrx_word' id='word_1_200' title='bbox 53 2027 277 2072; x_wconf 77' lang='lat' dir='ltr'>corrupta</span> <span class='ocrx_word' id='word_1_201' title='bbox 317 2012 537 2058; x_wconf 78' lang='lat' dir='ltr'>manabat</span> <span class='ocrx_word' id='word_1_202' title='bbox 571 2012 760 2079; x_wconf 78' lang='lat' dir='ltr'>aquula.</span> <span class='ocrx_word' id='word_1_203' title='bbox 1339 2008 1451 2043; x_wconf 66' lang='lat' dir='ltr'>nuria</span> 
     </span>
     <span class='ocr_line' id='line_1_31' title="bbox 120 2066 1445 2146; baseline 0 -20"><span class='ocrx_word' id='word_1_204' title='bbox 120 2077 355 2127; x_wconf 78' lang='lat' dir='ltr'><strong>XXXHI.</strong></span> <span class='ocrx_word' id='word_1_205' title='bbox 390 2077 609 2140; x_wconf 87' lang='lat' dir='ltr'>Consul,</span> <span class='ocrx_word' id='word_1_206' title='bbox 641 2097 787 2146; x_wconf 87' lang='lat' dir='ltr'>quum</span> <span class='ocrx_word' id='word_1_207' title='bbox 819 2076 938 2126; x_wconf 82' lang='lat' dir='ltr'>miffi</span> <span class='ocrx_word' id='word_1_208' title='bbox 971 2080 1093 2127; x_wconf 88' lang='lat' dir='ltr'>circa</span> <span class='ocrx_word' id='word_1_209' title='bbox 1126 2066 1445 2144; x_wconf 57' lang='lat' dir='ltr'>propin-‘&#39;elmd</span> 
     </span>
    </p>

    <p class='ocr_par' dir='ltr' id='par_1_12' title="bbox 55 2128 1457 2214">
     <span class='ocr_line' id='line_1_32' title="bbox 55 2128 1457 2214; baseline -0.001 -20"><span class='ocrx_word' id='word_1_210' title='bbox 55 2161 146 2214; x_wconf 82' lang='lat' dir='ltr'>qua</span> <span class='ocrx_word' id='word_1_211' title='bbox 170 2146 274 2195; x_wconf 85' lang='lat' dir='ltr'>loca</span> <span class='ocrx_word' id='word_1_212' title='bbox 298 2148 473 2195; x_wconf 77' lang='lat' dir='ltr'>nullam</span> <span class='ocrx_word' id='word_1_213' title='bbox 495 2165 663 2212; x_wconf 79' lang='lat' dir='ltr'>aquam</span> <span class='ocrx_word' id='word_1_214' title='bbox 691 2149 892 2195; x_wconf 83' lang='lat' dir='ltr'>inveniri</span> <span class='ocrx_word' id='word_1_215' title='bbox 925 2148 1250 2199; x_wconf 79' lang='lat' dir='ltr'>renuntiarent</span> <span class='ocrx_word' id='word_1_216' title='bbox 1269 2184 1283 2205; x_wconf 89' lang='lat'>‚</span> <span class='ocrx_word' id='word_1_217' title='bbox 1304 2144 1324 2211; x_wconf 92' lang='lat'>]</span> <span class='ocrx_word' id='word_1_218' title='bbox 1344 2128 1457 2166; x_wconf 85' lang='lat' dir='ltr'>Rom.</span> 
     </span>
    </p>

    <p class='ocr_par' dir='ltr' id='par_1_13' title="bbox 56 2202 1539 2280">
     <span class='ocr_line' id='line_1_33' title="bbox 56 2202 1539 2280; baseline 0 -18"><span class='ocrx_word' id='word_1_219' title='bbox 56 2213 304 2279; x_wconf 76' lang='lat' dir='ltr'>postremb</span> <span class='ocrx_word' id='word_1_220' title='bbox 336 2214 461 2280; x_wconf 88' lang='lat' dir='ltr'>sequi</span> <span class='ocrx_word' id='word_1_221' title='bbox 503 2215 547 2263; x_wconf 89' lang='lat' dir='ltr'>se</span> <span class='ocrx_word' id='word_1_222' title='bbox 583 2232 615 2278; x_wconf 93' lang='lat'>7</span> <span class='ocrx_word' id='word_1_223' title='bbox 652 2216 850 2263; x_wconf 83' lang='lat' dir='ltr'>utrarios</span> <span class='ocrx_word' id='word_1_224' title='bbox 894 2215 953 2263; x_wconf 83' lang='lat' dir='ltr'>ad</span> <span class='ocrx_word' id='word_1_225' title='bbox 991 2232 1121 2264; x_wconf 80' lang='lat' dir='ltr'>mare</span> <span class='ocrx_word' id='word_1_226' title='bbox 1145 2253 1159 2276; x_wconf 91' lang='lat'>‚</span> <span class='ocrx_word' id='word_1_227' title='bbox 1197 2214 1330 2279; x_wconf 87' lang='lat' dir='ltr'>quod</span> <span class='ocrx_word' id='word_1_228' title='bbox 1371 2202 1539 2242; x_wconf 71' lang='lat' dir='ltr'>Inventa</span> 
     </span>
    </p>

    <p class='ocr_par' dir='ltr' id='par_1_14' title="bbox 58 2279 1461 2348">
     <span class='ocr_line' id='line_1_34' title="bbox 58 2279 1461 2348; baseline 0.001 -19"><span class='ocrx_word' id='word_1_229' title='bbox 58 2283 214 2330; x_wconf 72' lang='lat' dir='ltr'>minus</span> <span class='ocrx_word' id='word_1_230' title='bbox 255 2298 502 2332; x_wconf 88' lang='lat' dir='ltr'>trecentos</span> <span class='ocrx_word' id='word_1_231' title='bbox 553 2281 701 2348; x_wconf 76' lang='lat' dir='ltr'>passus</span> <span class='ocrx_word' id='word_1_232' title='bbox 745 2284 908 2331; x_wconf 81' lang='lat' dir='ltr'>aberat</span> <span class='ocrx_word' id='word_1_233' title='bbox 933 2321 946 2342; x_wconf 95' lang='lat'>‚</span> <span class='ocrx_word' id='word_1_234' title='bbox 985 2280 1109 2346; x_wconf 81' lang='lat' dir='ltr'>juffit</span> <span class='ocrx_word' id='word_1_235' title='bbox 1141 2299 1155 2341; x_wconf 88' lang='lat'>;</span> <span class='ocrx_word' id='word_1_236' title='bbox 1202 2283 1252 2331; x_wconf 83' lang='lat'>&amp;</span> <span class='ocrx_word' id='word_1_237' title='bbox 1284 2279 1461 2330; x_wconf 67' lang='lat' dir='ltr'>inaqua.</span> 
     </span>
    </p>

    <p class='ocr_par' dir='ltr' id='par_1_15' title="bbox 59 2349 1332 2410">
     <span class='ocr_line' id='line_1_35' title="bbox 59 2349 1332 2410; baseline -0.001 -12"><span class='ocrx_word' id='word_1_238' title='bbox 59 2349 218 2399; x_wconf 86' lang='lat' dir='ltr'>littore</span> <span class='ocrx_word' id='word_1_239' title='bbox 269 2352 386 2400; x_wconf 81' lang='lat' dir='ltr'>alios</span> <span class='ocrx_word' id='word_1_240' title='bbox 427 2351 536 2399; x_wconf 86' lang='lat' dir='ltr'>alibi</span> <span class='ocrx_word' id='word_1_241' title='bbox 576 2352 776 2399; x_wconf 83' lang='lat' dir='ltr'>modicis</span> <span class='ocrx_word' id='word_1_242' title='bbox 812 2351 1075 2400; x_wconf 73' lang='lat' dir='ltr'>intervallis</span> <span class='ocrx_word' id='word_1_243' title='bbox 1119 2349 1332 2410; x_wconf 81' lang='lat' dir='ltr'>fodere3</span> 
     </span>
    </p>

    <p class='ocr_par' dir='ltr' id='par_1_16' title="bbox 64 2418 1337 2487">
     <span class='ocr_line' id='line_1_36' title="bbox 64 2418 1337 2487; baseline 0.001 -21"><span class='ocrx_word' id='word_1_244' title='bbox 64 2434 256 2467; x_wconf 86' lang='lat' dir='ltr'>montes</span> <span class='ocrx_word' id='word_1_245' title='bbox 278 2421 486 2487; x_wconf 74' lang='lat' dir='ltr'>ingentis</span> <span class='ocrx_word' id='word_1_246' title='bbox 507 2419 765 2468; x_wconf 82' lang='lat' dir='ltr'>altitudinis</span> <span class='ocrx_word' id='word_1_247' title='bbox 794 2418 930 2485; x_wconf 82' lang='lat' dir='ltr'>spem</span> <span class='ocrx_word' id='word_1_248' title='bbox 961 2419 1200 2468; x_wconf 84' lang='lat' dir='ltr'>faciebant</span> <span class='ocrx_word' id='word_1_249' title='bbox 1223 2455 1237 2478; x_wconf 88' lang='lat'><strong>,</strong></span> <span class='ocrx_word' id='word_1_250' title='bbox 1274 2434 1337 2467; x_wconf 89' lang='lat' dir='ltr'>eo</span> 
     </span>
    </p>
   </div>
   <div class='ocr_carea' id='block_1_3' title="bbox 68 2512 1344 2629">
    <p class='ocr_par' dir='ltr' id='par_1_17' title="bbox 68 2512 1344 2629">
     <span class='ocr_line' id='line_1_37' title="bbox 125 2512 1344 2567; baseline 0.002 -14"><span class='ocrx_word' id='word_1_251' title='bbox 125 2526 150 2563; x_wconf 96' lang='lat'><strong>7</strong></span> <span class='ocrx_word' id='word_1_252' title='bbox 175 2512 358 2553; x_wconf 80' lang='lat' dir='ltr'>Utrarios</span> <span class='ocrx_word' id='word_1_253' title='bbox 378 2514 394 2567; x_wconf 95' lang='lat'>]</span> <span class='ocrx_word' id='word_1_254' title='bbox 428 2513 523 2553; x_wconf 86' lang='lat' dir='ltr'>Vox</span> <span class='ocrx_word' id='word_1_255' title='bbox 558 2512 669 2553; x_wconf 80' lang='lat' dir='ltr'>raris·</span> <span class='ocrx_word' id='word_1_256' title='bbox 734 2527 875 2567; x_wconf 77' lang='lat' dir='ltr'>aquam</span> <span class='ocrx_word' id='word_1_257' title='bbox 893 2515 932 2554; x_wconf 84' lang='lat' dir='ltr'>in</span> <span class='ocrx_word' id='word_1_258' title='bbox 956 2513 1078 2556; x_wconf 81' lang='lat' dir='ltr'>castra</span> <span class='ocrx_word' id='word_1_259' title='bbox 1100 2513 1256 2556; x_wconf 79' lang='lat' dir='ltr'>deferre</span> <span class='ocrx_word' id='word_1_260' title='bbox 1277 2513 1344 2555; x_wconf 85' lang='lat' dir='ltr'>so·</span> 
     </span>
     <span class='ocr_line' id='line_1_38' title="bbox 68 2571 889 2629; baseline 0.006 -17"><span class='ocrx_word' id='word_1_261' title='bbox 68 2571 174 2614; x_wconf 68' lang='lat' dir='ltr'>lima.</span> <span class='ocrx_word' id='word_1_262' title='bbox 228 2575 484 2629; x_wconf 70' lang='lat' dir='ltr'>Intelligendi</span> <span class='ocrx_word' id='word_1_263' title='bbox 531 2575 671 2628; x_wconf 87' lang='lat' dir='ltr'>procul</span> <span class='ocrx_word' id='word_1_264' title='bbox 735 2576 889 2621; x_wconf 87' lang='lat' dir='ltr'>lebant.</span> 
     </span>
    </p>
   </div>
   <div class='ocr_carea' id='block_1_4' title="bbox 70 2634 673 2691">
    <p class='ocr_par' dir='ltr' id='par_1_18' title="bbox 70 2634 673 2691">
     <span class='ocr_line' id='line_1_39' title="bbox 70 2634 673 2691; baseline 0.007 -17"><span class='ocrx_word' id='word_1_265' title='bbox 70 2634 192 2678; x_wconf 74' lang='lat' dir='ltr'>dubio</span> <span class='ocrx_word' id='word_1_266' title='bbox 225 2636 314 2678; x_wconf 81' lang='lat' dir='ltr'>sunt</span> <span class='ocrx_word' id='word_1_267' title='bbox 348 2638 374 2677; x_wconf 89' lang='lat' dir='ltr'>ii</span> <span class='ocrx_word' id='word_1_268' title='bbox 418 2639 485 2691; x_wconf 82' lang='lat' dir='ltr'>qui</span> <span class='ocrx_word' id='word_1_269' title='bbox 521 2636 673 2678; x_wconf 79' lang='lat' dir='ltr'>utribus</span> 
     </span>
    </p>
   </div>
  </div>
 </body>
</html>
