1670 3068
246 68 680 159 ‘LIBER
763 99 1136 157 xxxix.
1312 113 1375 177 53

109 180 223 229 dem
249 183 526 230 mandatum
548 219 562 239 ‚
595 197 645 228 ut
675 180 733 228 ab
758 181 884 228 AEno
916 180 965 226 ἃ
993 179 1230 227 Maronea
1261 197 1380 243 prae·
1398 183 1588 235 U.c.5(>S'.

106 248 219 298 fidia
253 250 634 308 deducerentur,
672 250 1003 312 maritimaque
1038 250 1195 294 omnis
1224 246 1384 294 Thra·
1399 239 1591 288 {QG-134·

109 319 192 365 ciae
222 336 306 366 ora
345 337 371 365 a
408 318 629 382 Philippo
663 316 714 364 &
759 315 1113 363 Macedonibus
1153 315 1386 362 liberare-

109 398 202 433 tur.
247 385 632 450 Peloponnesum
672 401 868 449 quoque
910 384 1038 430 adire
1078 379 1178 442 juffi
1209 418 1222 439 ,
1258 382 1388 430 unde

109 455 241 519 prior
272 454 451 520 legatio
471 451 735 500 discesserat
765 452 1022 498 incertiore
1048 449 1164 495 statu
1198 466 1353 496 rerum
1374 485 1391 508 ‚

75 527 84 531 ’
112 519 257 586 quam
288 520 320 567 s1
345 539 441 568 non
471 519 741 577 venissentj
769 536 877 565 nam
906 519 1042 583 super
1067 532 1224 564 cetera
1247 518 1394 565 etiam

115 602 138 652 3
175 587 270 636 sine
299 588 525 653 responso
565 585 768 643 dimissi,
798 604 886 634 nec
921 588 1084 633 dutum
1114 585 1394 650 petentibus

112 671 215 704 erat
255 656 548 704 Achaeorum
583 655 860 702 concilium.
890 653 969 701 De
1002 671 1094 718 qua
1117 669 1164 700 re
1185 668 1396 717 querena

112 736 162 770 te
202 726 410 789 graviter
453 721 527 785 Q.
561 720 763 771 Caecilio
788 759 801 779 ‚
835 721 969 768 simul
1016 720 1396 767 Lacedaemoniis

115 789 477 855 deplorantibus
525 792 703 838 moenia
749 788 936 847 diruta,
985 789 1239 835 abduclam
1287 788 1398 852 ple-

111 857 225 906 bem
261 859 307 905 in
335 857 570 905 Achaiam
607 857 658 905 ἃ
688 857 1030 905 venumdatam
1052 892 1066 913 ‚
1100 856 1354 921 ademptas
1379 892 1396 914 ‚

111 925 280 990 quibus
317 926 376 973 ad
409 942 515 973 eam
553 925 680 973 diem
720 926 887 971 civitas
923 922 1114 972 stetisset
1141 961 1154 980 ‚
1183 922 1396 989 Lycurgi

111 992 245 1058 leges
280 1010 294 1051 3
333 994 498 1040 Achaei
536 994 743 1040 maxime
789 993 978 1039 concilii
1015 993 1174 1057 negati
1209 995 1394 1040 crimen

111 1059 396 1108 excusabant
418 1099 431 1120 ‚
466 1060 714 1108 recitando
746 1060 937 1126 legem,
967 1076 1072 1125 quae
1099 1097 1113 1116 ‚
1154 1058 1236 1106 nisi
1278 1059 1396 1107 belli

109 1127 298 1193 pacisve
332 1130 472 1176 causa
495 1166 509 1186 ‚
546 1129 597 1176 &
637 1146 782 1194 quum
819 1129 964 1194 legati
1001 1129 1059 1175 ab
1087 1126 1251 1175 senatu
1282 1143 1396 1174 cum

111 1196 311 1255 litteris,
344 1210 423 1244 aut
454 1195 634 1262 scriptis
681 1196 919 1245 mandatis
959 1195 1178 1243 venirent
1202 1232 1216 1253 ‚
1255 1209 1397 1243 veta-

113 1280 186 1313 ret
220 1265 366 1313 indici
414 1266 688 1312 concilium.
734 1263 802 1312 Ea
845 1280 906 1312 ne
940 1262 1106 1328 postea
1154 1261 1397 1311 excusatio

113 1329 257 1391 esset,
284 1331 489 1381 ostendit
509 1333 696 1381 senatus
718 1369 730 1390 ‚
760 1350 882 1380 curae
910 1333 963 1379 iis
983 1330 1076 1379 esse
1105 1330 1285 1379 debere
1309 1368 1322 1390 ‚
1345 1342 1398 1378 ut

113 1398 346 1448 Romanis
365 1402 533 1466 legatis
558 1400 745 1466 semper
769 1400 978 1448 adeundi
998 1401 1252 1447 concilium
1276 1415 1396 1463 gen-

112 1468 171 1515 tis
217 1467 422 1533 potestas
463 1466 603 1517 fieret
648 1506 663 1527 ‚
716 1468 1130 1534 quemadmodum
1177 1468 1228 1516 ὅ(
1268 1466 1397 1525 illis,

112 1537 304 1601 quoties
338 1536 552 1595 vellent,
582 1536 767 1584 senatus
807 1536 1014 1584 daretur.

182 1601 423 1650 XXXIV.
445 1601 658 1650 Dimiffis
686 1604 738 1650 iis
763 1603 1084 1668 legationibus
1101 1639 1116 1661 ‚
1143 1600 1393 1666 Philippus

114 1686 142 1717 a
182 1668 269 1717 suis
313 1672 487 1719 certior
524 1668 671 1718 fastus
699 1707 711 1727 ‚
746 1671 1017 1718 cedendum
1058 1669 1332 1718 civitatibus
1375 1705 1389 1727 ‚
1415 1696 1602 1738 Maroni-

114 1736 496 1804 deducendaque
542 1736 751 1803 praesidia
800 1736 894 1786 effe
922 1777 936 1798 ,
979 1736 1187 1785 infensus
1236 1738 1599 1801 omni-maphg,

113 1803 199 1852 bus
224 1842 238 1865 ‚
272 1807 321 1853 in
359 1806 627 1854 Maronitas
667 1809 784 1853 iram
822 1803 1039 1855 effundit.
1082 1803 1517 1875 Onomasto‚22pp0

116 1874 196 1937 qui
234 1888 434 1937 praeerat
471 1874 718 1921 maritimae
744 1891 841 1921 orae
862 1911 877 1932 ‚
908 1873 1104 1921 mandat
1125 1910 1139 1932 ‚
1162 1888 1213 1921 ut
1244 1874 1391 1937 partis
1407 1882 1574 1922 crudeli·

112 1939 320 1995 adversae
355 1943 592 2007 principes
624 1940 932 1990 interficeret.
966 1940 1052 1990 Ille
1078 1957 1163 2005 per
1194 1938 1384 1990 Caffan·
1406 1957 1467 1984 ter
1494 1956 1573 1984 tru-

114 2007 252 2057 drum
285 2009 577 2075 quemdam,
613 2026 762 2057 unum
797 2026 856 2058 ex
893 2011 1036 2076 regiis
1078 2007 1261 2072 jamdiu
1297 2009 1388 2057 ha·-
1407 2005 1548 2048 cidazi.

114 2138 200 2180 Cur
224 2137 289 2180 hic
317 2139 464 2182 Rhodii
506 2139 720 2180 nominen-

114 2209 180 2241 tur
198 2228 210 2248 ,
239 2215 375 2254 parum
412 2203 552 2256 liquet.
575 2204 719 2255 Neque

115 2261 220 2302 enim
241 2263 317 2302 ulla
331 2276 467 2303 eorum
486 2292 496 2311 ,
517 2264 556 2303 in
577 2277 718 2316 quere·

115 2324 163 2364 lis
194 2324 430 2376 populorum
456 2325 504 2365 de
534 2325 718 2377 Philippo

115 2385 381 2425 memorandis
413 2413 424 2433 ,
469 2386 581 2440 supra
615 2386 721 2439 apud

114 2445 270 2487 Livium
287 2474 298 2493 ,
316 2446 437 2487 exstat
455 2448 623 2487 mentio.
642 2448 720 2489 Vi-

117 2517 263 2556 dentur
284 2516 452 2557 de1enda
474 2506 533 2556 τὰ
557 2514 723 2554 Rhodiis

121 2577 202 2693 ὁ..3
229 2637 325 2702 Sin5
346 2633 528 2694 responso
551 2635 720 2692 dinziffi]

783 2140 915 2183 Fusu'is
948 2155 1032 2181 rem
1067 2140 1234 2195 exponit
1265 2139 1394 2195 Poly-

783 2204 868 2243 bius
891 2231 901 2251 ‚
935 2204 1140 2256 docetque
1174 2202 1230 2254 Q.
1263 2200 1394 2241 Caeci·

783 2265 876 2304 lium
897 2279 977 2304 non
1006 2264 1084 2304 fine
1116 2263 1306 2317 responsa
1329 2263 1397 2302 di-

784 2326 941 2373 missum*
975 2328 1021 2365 ab
1079 2325 1233 2365 Achaeis
1262 2352 1273 2370 ‚
1327 2323 1395 2363 sed

784 2387 1014 2441 responsum
1055 2388 1103 2426 ab
1149 2387 1396 2426 Achaeorum

785 2450 1068 2504 magistratibus
1097 2448 1282 2499 accipere
1316 2447 1394 2486 noi-

786 2511 895 2551 luisse
914 2538 924 2558 ,
940 2511 1184 2563 indignatum
1203 2507 1307 2562 quod
1324 2505 1403 2557 fibi„

785 2583 973 2626 negatum
1012 2570 1141 2610 fuisset
1180 2568 1397 2612 concilium·

786 2645 933 2691 gentis.

995 2687 1041 2740 c
1077 2687 1125 2755 ἰῇ
