1670 3068
0 2100 5 2317 ι

77 46 82 58 1

75 63 84 72 ι

400 85 760 143 LtssER
849 86 1123 145 XLIV.
1270 104 1384 166 425

113 162 227 212 dum
246 164 353 213 hinc
372 163 558 233 Peligni
579 167 639 216 ad
668 166 999 232 recipiendum
1025 164 1207 233 signum
1225 202 1240 226 ,
1276 166 1386 216 hinc
1405 181 1589 234 [XC-584·

112 230 413 282 Macedones
448 235 508 282 ad
540 234 847 285 retinendum
879 232 1065 283 summa
1093 249 1190 298 ope
1222 234 1382 282 nitun-
1399 238 1590 282 a.C.1(>8.

109 311 202 348 tur.
235 298 305 347 Illi
325 301 593 369 praelongas
624 302 957 352 Macedonum
978 299 1128 350 hastas
1146 316 1226 349 aut
1249 300 1380 351 ferro

107 366 320 416 incidere
354 405 368 427 ‚
417 384 496 417 aut
538 371 752 420 umbone
790 370 1077 436 impellere,
1121 382 1200 416 aut
1240 369 1380 417 nudis

109 434 254 483 etiam
280 437 523 485 interdum
552 438 772 486 manibus
790 452 1028 487 avertere.
1055 436 1121 485 Hi
1146 435 1379 485 ambabus

107 499 306 551 firmiter
335 505 707 570 comprehensas
739 506 871 555 tanta
901 507 951 554 vi
984 504 1180 572 adigere
1210 505 1259 551 in
1294 519 1378 552 te-

104 585 238 619 mere
275 588 329 619 ac
377 570 539 622 furore
586 591 715 622 caeco
753 589 980 634 ruente5‚
1024 588 1076 622 ut
1113 569 1377 621 transfossis

102 635 240 685 scutis
256 638 507 706 loricisque
525 679 540 702 ,
567 639 819 691 transfixos
836 643 983 689 etiam
997 640 1218 689 homines
1239 639 1380 705 super

102 706 260 769 capita
295 706 605 772 projicerent.
650 707 727 758 Sic
761 709 1026 776 profligatis
1064 707 1376 774 Pelignorum

100 775 267 837 primis
296 775 543 825 ordinibus
572 814 587 838 ‚
630 777 873 825 caeduntur
913 791 1109 841 quoque
1148 777 1226 841 qui
1267 774 1376 839 post

99 839 208 889 illos
252 838 477 892 steterant
521 862 532 891 ε
586 860 730 910 atque
780 842 863 895 etsi
901 843 1122 892 nondum
1160 840 1374 891 confess‘a

98 905 212 974 fuga
236 947 250 969 ‚
284 910 462 974 pedem
501 911 777 962 referebant
811 927 974 961 tamen
1003 923 1224 960 montem
1260 927 1371 960 ver·
1431 916 1581 960 Pedem

99 975 175 1024 siis
194 1013 208 1036 ,
245 975 485 1028 Olocrum
506 980 745 1047 indigenae
766 994 962 1029 vocant.
1383 978 1556 1050 refi-rune.

165 1060 214 1104 4.
246 1043 340 1093 Hic
372 1047 494 1096 verb
529 1046 696 1098 exarsit
713 1048 908 1097 AErnilio
935 1047 1077 1095 dolor
1095 1082 1110 1106 ‚
1144 1059 1196 1094 ut
1222 1046 1369 1094 etiam
1387 1041 1575 1086 Romam.

96 1125 155 1160 ex
177 1112 508 1179 indignatione
539 1116 933 1181 paludamentum
960 1113 1213 1163 scinderet.
1241 1113 1371 1163 Nam

94 1177 146 1228 &
171 1181 220 1227 in
259 1184 430 1231 ceteris
457 1184 577 1232 locis
607 1184 806 1233 videbat
829 1181 1034 1232 cuneiari
1058 1179 1165 1230 suos
1185 1219 1201 1242 ,
1233 1183 1370 1231 timi-

95 1245 254 1313 de'que
278 1249 512 1300 accedere
542 1251 602 1300 ad
629 1253 758 1300 illam
782 1252 918 1301 velut
940 1250 1146 1299 ferream
1166 1248 1330 1315 sepem
1347 1287 1364 1311 ‚

93 1317 187 1381 qua
208 1316 419 1384 undique
439 1320 562 1367 acies
584 1319 907 1368 Macedonica
940 1318 1233 1367 inhorrebat.
1267 1317 1366 1368 Sed

89 1383 427 1434 animadvertit
450 1388 629 1453 peritus
659 1389 754 1436 dux
782 1405 879 1436 non
899 1385 1018 1435 stare
1041 1386 1219 1452 ubique
1243 1403 1366 1435 con·

87 1447 263 1501 fertam
296 1453 426 1502 illam
458 1453 661 1504 hostium
691 1456 827 1506 velut
854 1471 1144 1521 compagem
1175 1491 1189 1514 ‚
1229 1470 1366 1502 eam·

87 1534 183 1583 que
216 1520 457 1571 dehiscere
494 1524 760 1573 identidem
803 1523 1082 1590 quibusdam
1131 1522 1366 1571 interval-

85 1585 143 1635 lis
166 1624 180 1646 ,
211 1586 309 1636 five
334 1590 399 1638 ob
431 1592 801 1657 inaequalitatem
836 1591 955 1652 soli,
986 1589 1087 1640 five
1117 1590 1182 1638 ob
1209 1588 1362 1654 ipsam

86 1654 317 1718 porretstae
351 1658 398 1704 in
437 1658 722 1708 immensum
755 1658 927 1708 frontis
966 1656 1359 1725 longitudinem,

86 1720 200 1769 dum
237 1725 317 1788 qui
345 1724 588 1790 superiora
607 1745 846 1793 occupare
877 1742 1112 1776 conantur
1133 1726 1192 1773 ab
1224 1725 1359 1775 infe-

85 1789 210 1838 riora
246 1794 522 1842 tenentibus
545 1832 559 1855 ‚
595 1796 677 1845 vel
705 1796 942 1844 tardiores
974 1812 1001 1842 a
1030 1794 1356 1855 citatioribus‚

83 1855 133 1904 &
156 1860 523 1924 progredientes
543 1880 568 1911 a
594 1862 943 1912 subsistentibus
966 1899 981 1921 ,
1011 1861 1234 1910 instantes
1269 1862 1359 1911 de-

80 1926 224 1990 nique
250 1927 370 1976 hosti
401 1929 458 1977 ab
478 1929 721 1996 impulsis,
753 1933 892 1980 inviti
912 1932 1057 1990 licet,
1089 1927 1353 1978 necessario

81 1991 389 2044 divelluntur.
417 1994 547 2065 Ergo
566 2014 617 2048 ut
637 2000 839 2048 omnino
855 2012 1097 2063 rumperet
1127 1997 1348 2046 ordinem
1370 2059 1377 2067 .
1425 1997 1518 2055 Cos.

78 2059 284 2109 hostium
315 2100 329 2123 ‚
376 2064 427 2112 &
472 2067 901 2133 inexpugnabilem
954 2067 1083 2114 illam
1119 2065 1528 2130 univesfaetmperat

77 2128 324 2196 phalangis
352 2133 451 2181 vim
485 2134 532 2181 in
566 2136 714 2184 multa
751 2137 1019 2183 minutatim
1054 2134 1213 2199 praelia
1244 2119 1470 2195 car-fimf
1499 2137 1542 2163 ¹¹²

75 2212 214 2261 peret
229 2234 242 2256 ‚
264 2201 470 2265 imperat
491 2202 577 2250 suis
597 2240 609 2261 ‚
628 2218 678 2252 ut
695 2203 868 2251 intenti
886 2219 1188 2269 quacumque
1207 2203 1346 2249 rimas
1363 2181 1399 2232 se
1429 2185 1524 2253 “fif

76 2280 217 2330 agere
268 2267 488 2317 hostilem
520 2272 672 2319 aciem
710 2271 920 2320 viderint
945 2308 960 2332 ,
1000 2271 1108 2318 illuc
1149 2260 1478 2345 quisquessuenh‘
1501 2262 1559 2286 Μ’

75 2333 259 2395 impetu
288 2334 548 2385 inferantur
569 2376 582 2397 ,
615 2337 758 2403 seque
798 2340 1035 2388 cuneatim
1080 2339 1127 2386 in
1167 2322 1554 2416 hiantiasieiith-r-

73 2401 153 2449 vel
200 2403 437 2451 tantillum
487 2404 629 2471 spatia
674 2405 962 2456 insinuantes
1003 2405 1187 2453 strenue
1240 2415 1486 2470 sem'dines.

69 2483 227 2533 agant.
267 2469 381 2519 Hoc
404 2471 537 2522 edito
565 2475 770 2538 imperio
791 2512 803 2533 ‚
840 2475 891 2523 ὃ(
924 2491 1010 2540 per
1031 2489 1187 2522 totum
1209 2489 1346 2520 exer-

71 2536 217 2582 citum
239 2539 518 2590 circumlato
537 2578 551 2602 ‚
583 2541 681 2609 ipse
703 2543 900 2593 alteram
922 2559 947 2592 e
968 2542 1241 2609 legionibus
1262 2540 1348 2610 in]

73 2604 284 2669 praelium
309 2605 457 2658 ducit.
