1670 3068
368 110 726 167 LIBER
820 107 1042 166 XLI.
1217 108 1408 181 1811x

54 188 426 257 quintanamque
467 187 623 238 hostes
671 201 1017 254 pervenerunt.
1059 186 1132 236 Ibi
1180 198 1531 255 quumU.c.574·;

55 259 273 306 omnium
291 272 447 306 rerum
478 272 690 323 paratam
712 255 1074 322 expositamque
1101 261 1290 322 copiam
1308 297 1321 318 ‚
1340 254 1536 309 grows,

51 323 108 374 &
126 323 291 373 stratos
323 323 471 373 lectos
504 326 550 372 in
576 324 826 390 quaestorio
845 322 1163 383 inveniffent,
1183 328 1536 391 regu-Istriepu·

51 389 124 440 lus
153 392 386 440 accubans
424 393 607 457 epulari
641 394 789 458 coepit
821 410 835 452 3
864 409 980 440 mox
1014 391 1142 439 idem
1178 390 1471 456 ceter14anc1cr
1504 449 1512 457 ,

0 503 1 508 ,
54 475 223 519 ornnes
242 477 486 508 armorum
516 459 821 525 hostiumque
844 460 979 507 obliti
1000 458 1179 507 faciunt
1208 477 1218 507 ;
1245 460 1375 519 &‚¹'²
1398 450 1542 499 castras·

52 539 105 574 ut
135 527 304 590 quibus
329 526 535 577 insuetus
563 528 804 576 liberalior
836 525 986 575 victus
1013 525 1126 576 effet
1148 564 1164 587 ‚
1211 528 1324 576 avi·
1337 510 1462 553 ΚΜ·

51 591 153 642 dius
189 595 304 642 vino
336 595 545 660 ciboque
576 613 783 660 corpora
810 608 1031 643 onerant.

67 696 71 701 Δ
119 657 204 708 III.
237 660 557 728 Nequaquam
600 663 771 711 eadem
817 661 884 710 est
928 678 1028 709 tum
1066 662 1131 709 rei
1167 659 1328 711 forma

49 727 175 792 apud
206 727 459 777 Romanos
498 747 508 777 :
538 730 664 778 terra
685 768 698 785 ,
727 731 844 777 mari
877 730 1141 794 trepidatur
1168 747 1178 776 :
1204 747 1328 778 nau-

50 795 132 844 tici
163 797 470 846 tabernacula
502 798 799 854 detendunt,
829 812 1255 862 commeatumque
1276 800 1332 845 in-

50 860 211 912 littore
237 864 506 930 expolitum
537 868 584 912 in
624 882 773 914 naves
800 865 989 930 rapiunt
1028 881 1037 911 :
1069 865 1241 913 milites
1275 867 1325 913 in

50 927 242 995 scaphas
274 933 325 981 &
359 950 489 981 mare
517 935 669 981 territi
703 947 874 980 ruunt:
904 946 1059 980 nautae
1096 948 1225 980 metu
1263 950 1333 981 ne·

51 1000 388 1063 compleantur
425 1002 645 1067 navigia,
677 1001 752 1048 alii
783 1001 931 1047 turbae
961 998 1185 1048 obfistunt
1207 1038 1217 1058 ‚
1246 1001 1323 1048 alii

51 1064 112 1114 ab
144 1066 304 1117 littore
330 1085 477 1117 naves
511 1069 559 1116 in
590 1068 739 1116 altum
771 1068 1016 1133 expellunt
1046 1089 1059 1125 ς,
1082 1068 1193 1115 inde
1222 1085 1327 1117 cer-

49 1145 242 1194 tamen,
274 1154 389 1184 mox
425 1138 568 1185 etiam
606 1153 768 1203 pugna
806 1153 913 1184 cum
952 1137 1228 1191 vulneribus
1271 1136 1325 1185 &

50 1201 179 1267 caede
225 1205 433 1252 invicem
482 1204 682 1251 militum
728 1218 1075 1269 nautarumque
1126 1205 1276 1251 oritur
1302 1241 1327 1264 ⁹-

51 1267 209 1319 donec
244 1269 361 1334 juss'u
388 1270 592 1320 consulis
625 1272 791 1337 procul
819 1289 846 1319 a
878 1286 999 1320 terra
1034 1270 1180 1319 classis
1212 1271 1323 1320 sub-

51 1351 184 1386 mota
217 1338 299 1389 est.
336 1339 598 1389 Secernere
633 1339 745 1388 inde
779 1342 986 1388 inermes
1031 1340 1088 1387 ab
1134 1341 1331 1387 armatis-

49 1408 199 1471 coepit
217 1423 234 1466 ·‚
252 1410 331 1456 vix
352 1409 479 1457 mille
511 1408 702 1456 ducenti
738 1423 796 1456 ex
827 1423 957 1456 tanta
980 1407 1286 1455 multitudine
1306 1445 1322 1466 ‚

51 1475 133 1538 qui
175 1493 305 1524 arma
345 1477 578 1524 haberent
613 1514 628 1534 ,
675 1477 900 1541 perpauci
946 1477 1133 1539 equites
1175 1512 1189 1534 ‚
1241 1478 1325 1540 qui

52 1556 206 1606 equos
241 1542 399 1592 secum
433 1542 731 1600 eduxiss'ent,
759 1544 946 1591 inventi
985 1542 1086 1590 sunt
1124 1560 1133 1589 ε
1166 1558 1331 1591 cetera

48 1608 283 1659 deformis
319 1612 489 1670 turba,
524 1611 659 1660 velut
704 1611 903 1658 lixarum
951 1612 1272 1675 calonumque
1308 1648 1328 1669 5

53 1677 216 1743 praeda
248 1680 362 1728 vere
380 1678 536 1728 futura
555 1717 569 1738 ‚
601 1679 633 1726 fi
661 1678 774 1726 belli
802 1677 962 1726 hostes
998 1676 1331 1727 meminiffent.

53 1759 84 1792 2
118 1742 247 1794 Tum
281 1747 474 1795 demum
517 1748 707 1795 nuntius
752 1746 812 1794 ad
854 1747 1043 1795 tertiam
1079 1747 1330 1811 legionem

48 1814 377 1871 revocandam
399 1852 413 1873 ‚
440 1815 491 1862 &
516 1813 771 1868 Gallorum
804 1813 1097 1879 praesidium:
1119 1816 1170 1862 ἃ
1193 1812 1329 1862 fimul

51 1895 111 1928 ex
145 1883 365 1931 omnibus
395 1883 511 1931 locis
542 1883 600 1930 ad
634 1881 782 1930 castra
810 1882 1085 1947 recipienda
1123 1883 1326 1930 demen-
1358 1887 1545 1943 Recupes

53 1947 261 2013 (lamque
283 1951 595 2016 ignominiam
622 1952 763 1998 rediri
783 1965 993 2014 coeptum
1015 1948 1096 1999 est.
1122 1949 1426 1998 Tribunissrarzt
1454 1965 1519 1988 ca-

51 2015 253 2064 militum
275 2020 422 2067 tertiae
442 2019 643 2084 legionis
671 2019 900 2082 pabulum
927 2019 1150 2084 lignaque
1179 2011 1413 2083 proji-stra
1431 2011 1531 2079 ‘Ro-»⁷

52 2082 368 2148 cerejubent:
395 2087 748 2135 centurionibus
768 2087 1006 2150 imperant
1024 2123 1038 2145 ‚
1064 2101 1112 2134 ut
1134 2088 1329 2152 gravio·
1341 2087 1467 2112 mam,

53 2167 130 2199 res
156 2168 294 2202 aetate
320 2154 493 2203 milites
515 2154 654 2202 binos
672 2155 719 2200 in
740 2171 796 2202 ea
814 2153 1024 2214 jumenta
1044 2191 1057 2213 ‚
1077 2171 1136 2202 ex
1157 2155 1332 2219 quibus
1426 2152 1429 2155 ’

52 2235 198 2268 onera
225 2219 409 2283 dejecta
430 2236 562 2270 erant
582 2260 595 2280 ,
616 2224 869 2287 imponant
895 2239 906 2269 ε
930 2223 1114 2287 equites
1131 2260 1143 2280 ,
1165 2239 1214 2270 ut
1238 2220 1334 2270 fin-

37 2283 190 2352 ''gulos
219 2304 245 2336 e
278 2286 531 2352 juvenibus
555 2289 743 2354 pedites
775 2288 934 2338 secum
960 2291 1009 2337 in
1045 2306 1198 2354 equos
1229 2290 1330 2338 tol·

52 2353 171 2403 lant.
200 2357 435 2423 Egregiam
466 2360 657 2425 gloriam
694 2358 887 2424 legionis
910 2355 1040 2422 fhre,
1072 2358 1115 2420 fi
1142 2359 1281 2423 castra
1305 2397 1333 2416 J,

49 2451 156 2496 abest
186 2471 206 2496 a
240 2458 446 2510 praetorio.
717 2461 767 2501 de
795 2474 874 2515 quo
909 2457 974 2498 hic
1000 2458 1130 2511 agitur
1150 2486 1160 2505 ‚
1194 2459 1331 2511 cujus0

113 2529 138 2557 2
170 2517 265 2558 Tum
293 2521 436 2560 demum
464 2522 654 2577 nuntius}
717 2536 793 2576 que
823 2521 975 2561 mentio
1005 2519 1104 2558 faeta
1127 2519 1180 2559 est
1211 2521 1335 2572 suptar

54 2575 201 2632 supple
227 2579 353 2632 miffus
372 2583 452 2632 est:
477 2583 517 2623 ὃ(
537 2583 652 2624 intel·
716 2599 756 2624 c.
796 2596 809 2622 1
837 2610 847 2628 ,
879 2579 1019 2621 stetisse
1047 2594 1068 2620 a
1101 2592 1218 2635 parte
1242 2582 1334 2625 Ror-

55 2637 138 2695 Ege
173 2639 385 2684 Gallorum
435 2643 657 2698 praesidium
716 2657 946 2686 ramorum.
