<?xml version="1.0" encoding="UTF-8"?>
<!DOCTYPE html PUBLIC "-//W3C//DTD XHTML 1.0 Transitional//EN"
    "http://www.w3.org/TR/xhtml1/DTD/xhtml1-transitional.dtd">
<html xmlns="http://www.w3.org/1999/xhtml" xml:lang="en" lang="en">
 <head>
  <title>
</title>
<meta http-equiv="Content-Type" content="text/html;charset=utf-8" />
  <meta name='ocr-system' content='tesseract 3.04.00' />
  <meta name='ocr-capabilities' content='ocr_page ocr_carea ocr_par ocr_line ocrx_word'/>
</head>
<body>
  <div class='ocr_page' id='page_1' title='image "./tliviipatavinihi0302livy/tliviipatavinihi0302livy_0121.png"; bbox 0 0 1670 3068; ppageno 0'>
   <div class='ocr_carea' id='block_1_1' title="bbox 55 56 77 76">
    <p class='ocr_par' dir='ltr' id='par_1_1' title="bbox 55 56 77 76">
     <span class='ocr_line' id='line_1_1' title="bbox 55 56 77 76; baseline 0 0"><span class='ocrx_word' id='word_1_1' title='bbox 55 56 77 76; x_wconf 76' lang='lat' dir='ltr'><em>f</em></span> 
     </span>
    </p>
   </div>
   <div class='ocr_carea' id='block_1_2' title="bbox 14 101 1492 2142">
    <p class='ocr_par' dir='ltr' id='par_1_2' title="bbox 14 101 1482 522">
     <span class='ocr_line' id='line_1_2' title="bbox 364 101 1275 182; baseline 0.002 -23"><span class='ocrx_word' id='word_1_2' title='bbox 364 103 410 159; x_wconf 92' lang='lat' dir='ltr'>L</span> <span class='ocrx_word' id='word_1_3' title='bbox 453 118 475 157; x_wconf 92' lang='lat'>1</span> <span class='ocrx_word' id='word_1_4' title='bbox 519 117 553 157; x_wconf 88' lang='grc' dir='ltr'>Β</span> <span class='ocrx_word' id='word_1_5' title='bbox 602 117 635 157; x_wconf 76' lang='grc' dir='ltr'>Ε</span> <span class='ocrx_word' id='word_1_6' title='bbox 678 118 719 159; x_wconf 80' lang='lat' dir='ltr'>R</span> <span class='ocrx_word' id='word_1_7' title='bbox 814 101 875 159; x_wconf 93' lang='lat' dir='ltr'><strong>X</strong></span> <span class='ocrx_word' id='word_1_8' title='bbox 903 102 968 158; x_wconf 90' lang='lat' dir='ltr'>L.</span> <span class='ocrx_word' id='word_1_9' title='bbox 1160 124 1275 182; x_wconf 85' lang='lat'>117</span> 
     </span>
     <span class='ocr_line' id='line_1_3' title="bbox 14 182 1481 248; baseline 0 -13"><span class='ocrx_word' id='word_1_10' title='bbox 14 201 93 235; x_wconf 84' lang='lat' dir='ltr'>nes</span> <span class='ocrx_word' id='word_1_11' title='bbox 126 195 295 242; x_wconf 85' lang='lat' dir='ltr'>erant,</span> <span class='ocrx_word' id='word_1_12' title='bbox 329 200 472 248; x_wconf 85' lang='lat' dir='ltr'>quam</span> <span class='ocrx_word' id='word_1_13' title='bbox 505 182 565 230; x_wconf 79' lang='lat' dir='ltr'>ad</span> <span class='ocrx_word' id='word_1_14' title='bbox 609 184 789 231; x_wconf 85' lang='lat' dir='ltr'>exitum</span> <span class='ocrx_word' id='word_1_15' title='bbox 821 183 968 229; x_wconf 85' lang='lat' dir='ltr'>ullum</span> <span class='ocrx_word' id='word_1_16' title='bbox 998 182 1481 246; x_wconf 67' lang='lat' dir='ltr'>perdt1&amp;ae:U.c.57r.·</span> 
     </span>
     <span class='ocr_line' id='line_1_4' title="bbox 17 248 1482 319; baseline -0.008 -18"><span class='ocrx_word' id='word_1_17' title='bbox 17 253 60 301; x_wconf 84' lang='lat' dir='ltr'>id</span> <span class='ocrx_word' id='word_1_18' title='bbox 91 249 328 319; x_wconf 80' lang='lat' dir='ltr'>petsecare</span> <span class='ocrx_word' id='word_1_19' title='bbox 376 268 558 299; x_wconf 86' lang='lat' dir='ltr'>novum</span> <span class='ocrx_word' id='word_1_20' title='bbox 611 265 910 315; x_wconf 81' lang='lat' dir='ltr'>praetorem,</span> <span class='ocrx_word' id='word_1_21' title='bbox 957 266 1016 297; x_wconf 86' lang='lat' dir='ltr'>ne</span> <span class='ocrx_word' id='word_1_22' title='bbox 1067 248 1482 314; x_wconf 50' lang='lat' dir='ltr'>serperetaeasst.</span> 
     </span>
     <span class='ocr_line' id='line_1_5' title="bbox 17 314 1280 382; baseline -0.002 -14"><span class='ocrx_word' id='word_1_23' title='bbox 17 323 184 370; x_wconf 84' lang='lat' dir='ltr'>iterum</span> <span class='ocrx_word' id='word_1_24' title='bbox 214 319 392 377; x_wconf 85' lang='lat' dir='ltr'>latius,</span> <span class='ocrx_word' id='word_1_25' title='bbox 450 317 610 365; x_wconf 86' lang='lat' dir='ltr'>Patres</span> <span class='ocrx_word' id='word_1_26' title='bbox 650 315 891 377; x_wconf 74' lang='lat' dir='ltr'>jufferunt.</span> <span class='ocrx_word' id='word_1_27' title='bbox 946 314 1004 363; x_wconf 89' lang='lat' dir='ltr'>Et</span> <span class='ocrx_word' id='word_1_28' title='bbox 1041 316 1175 382; x_wconf 77' lang='lat' dir='ltr'>leges</span> <span class='ocrx_word' id='word_1_29' title='bbox 1219 319 1280 366; x_wconf 88' lang='lat' dir='ltr'>de</span> 
     </span>
     <span class='ocr_line' id='line_1_6' title="bbox 18 383 1282 451; baseline -0.002 -15"><span class='ocrx_word' id='word_1_30' title='bbox 18 388 193 437; x_wconf 79' lang='lat' dir='ltr'>ambitu</span> <span class='ocrx_word' id='word_1_31' title='bbox 216 384 431 434; x_wconf 88' lang='lat' dir='ltr'>consules</span> <span class='ocrx_word' id='word_1_32' title='bbox 470 403 529 434; x_wconf 84' lang='lat' dir='ltr'>ex</span> <span class='ocrx_word' id='word_1_33' title='bbox 564 383 841 434; x_wconf 53' lang='lat' dir='ltr'>auetoritate</span> <span class='ocrx_word' id='word_1_34' title='bbox 877 383 1061 434; x_wconf 68' lang='lat' dir='ltr'>senatus</span> <span class='ocrx_word' id='word_1_35' title='bbox 1091 384 1150 433; x_wconf 85' lang='lat' dir='ltr'>ad</span> <span class='ocrx_word' id='word_1_36' title='bbox 1184 402 1282 451; x_wconf 88' lang='lat' dir='ltr'>po-</span> 
     </span>
     <span class='ocr_line' id='line_1_7' title="bbox 18 453 436 522; baseline -0.01 -19"><span class='ocrx_word' id='word_1_37' title='bbox 18 455 180 522; x_wconf 88' lang='lat' dir='ltr'>pulum</span> <span class='ocrx_word' id='word_1_38' title='bbox 212 453 436 501; x_wconf 89' lang='lat' dir='ltr'>tulerunt.</span> 
     </span>
    </p>

    <p class='ocr_par' dir='ltr' id='par_1_3' title="bbox 19 515 1492 2142">
     <span class='ocr_line' id='line_1_8' title="bbox 82 515 1492 587; baseline -0.002 -17"><span class='ocrx_word' id='word_1_39' title='bbox 82 521 196 570; x_wconf 88' lang='lat' dir='ltr'>XX.</span> <span class='ocrx_word' id='word_1_40' title='bbox 235 520 525 587; x_wconf 82' lang='lat' dir='ltr'>Legationes</span> <span class='ocrx_word' id='word_1_41' title='bbox 553 519 760 568; x_wconf 87' lang='lat' dir='ltr'>deinde</span> <span class='ocrx_word' id='word_1_42' title='bbox 750 538 797 567; x_wconf 92' lang='lat' dir='ltr'>1n</span> <span class='ocrx_word' id='word_1_43' title='bbox 828 518 1038 568; x_wconf 83' lang='lat' dir='ltr'>senatum</span> <span class='ocrx_word' id='word_1_44' title='bbox 1061 519 1281 567; x_wconf 86' lang='lat' dir='ltr'>introdu-</span> <span class='ocrx_word' id='word_1_45' title='bbox 1308 515 1492 572; x_wconf 79' lang='lat' dir='ltr'>Legatio-</span> 
     </span>
     <span class='ocr_line' id='line_1_9' title="bbox 19 586 1458 654; baseline -0.003 -16"><span class='ocrx_word' id='word_1_46' title='bbox 19 604 220 638; x_wconf 85' lang='lat' dir='ltr'>xerunt·</span> <span class='ocrx_word' id='word_1_47' title='bbox 212 624 225 645; x_wconf 90' lang='lat'>,</span> <span class='ocrx_word' id='word_1_48' title='bbox 261 606 427 654; x_wconf 80' lang='lat' dir='ltr'>regum</span> <span class='ocrx_word' id='word_1_49' title='bbox 452 605 624 652; x_wconf 74' lang='lat' dir='ltr'>primas</span> <span class='ocrx_word' id='word_1_50' title='bbox 645 586 905 641; x_wconf 80' lang='lat' dir='ltr'>Eumenis,</span> <span class='ocrx_word' id='word_1_51' title='bbox 944 588 994 634; x_wconf 69' lang='grc'>8(</span> <span class='ocrx_word' id='word_1_52' title='bbox 1021 589 1361 646; x_wconf 67' lang='lat' dir='ltr'>Ariarathis¹²f⁵</span> <span class='ocrx_word' id='word_1_53' title='bbox 1391 593 1458 617; x_wconf 73' lang='lat' dir='ltr'>va-</span> 
     </span>
     <span class='ocr_line' id='line_1_10' title="bbox 20 653 1382 734; baseline -0.002 -28"><span class='ocrx_word' id='word_1_54' title='bbox 20 655 363 734; x_wconf 73' lang='lat' dir='ltr'>Cappadocis,</span> <span class='ocrx_word' id='word_1_55' title='bbox 404 656 456 703; x_wconf 72' lang='grc' dir='ltr'>ὃ(</span> <span class='ocrx_word' id='word_1_56' title='bbox 490 654 741 701; x_wconf 80' lang='lat' dir='ltr'>Pharnacis</span> <span class='ocrx_word' id='word_1_57' title='bbox 788 653 1006 701; x_wconf 86' lang='lat' dir='ltr'>Pontici:</span> <span class='ocrx_word' id='word_1_58' title='bbox 1044 672 1131 703; x_wconf 87' lang='lat' dir='ltr'>nec</span> <span class='ocrx_word' id='word_1_59' title='bbox 1164 656 1230 708; x_wconf 56' lang='lat' dir='ltr'>ult</span> <span class='ocrx_word' id='word_1_60' title='bbox 1237 674 1286 703; x_wconf 82' lang='lat' dir='ltr'>ra</span> <span class='ocrx_word' id='word_1_61' title='bbox 1301 654 1382 680; x_wconf 56' lang='lat'>‘¹⁶²&#39;</span> 
     </span>
     <span class='ocr_line' id='line_1_11' title="bbox 21 720 1286 791; baseline -0.001 -20"><span class='ocrx_word' id='word_1_62' title='bbox 21 727 278 791; x_wconf 83' lang='lat' dir='ltr'>quicquam</span> <span class='ocrx_word' id='word_1_63' title='bbox 313 725 380 771; x_wconf 85' lang='lat' dir='ltr'>eis</span> <span class='ocrx_word' id='word_1_64' title='bbox 422 721 700 786; x_wconf 86' lang='lat' dir='ltr'>responsum</span> <span class='ocrx_word' id='word_1_65' title='bbox 737 720 845 779; x_wconf 81' lang='lat' dir='ltr'>est,</span> <span class='ocrx_word' id='word_1_66' title='bbox 891 739 1034 786; x_wconf 81' lang='lat' dir='ltr'>quam</span> <span class='ocrx_word' id='word_1_67' title='bbox 1069 721 1286 770; x_wconf 80' lang='lat' dir='ltr'>missuros</span> 
     </span>
     <span class='ocr_line' id='line_1_12' title="bbox 21 788 1290 857; baseline -0.002 -17"><span class='ocrx_word' id='word_1_68' title='bbox 21 794 102 857; x_wconf 84' lang='lat' dir='ltr'>qui</span> <span class='ocrx_word' id='word_1_69' title='bbox 139 793 197 840; x_wconf 90' lang='lat' dir='ltr'>de</span> <span class='ocrx_word' id='word_1_70' title='bbox 239 788 573 838; x_wconf 75' lang='lat' dir='ltr'>controverliis</span> <span class='ocrx_word' id='word_1_71' title='bbox 611 805 781 836; x_wconf 86' lang='lat' dir='ltr'>eorum</span> <span class='ocrx_word' id='word_1_72' title='bbox 817 788 1162 855; x_wconf 74' lang='lat' dir='ltr'><strong>cognoscerent</strong></span> <span class='ocrx_word' id='word_1_73' title='bbox 1193 789 1290 838; x_wconf 75' lang='lat' dir='ltr'>sta-</span> 
     </span>
     <span class='ocr_line' id='line_1_13' title="bbox 22 857 1290 923; baseline -0.002 -15"><span class='ocrx_word' id='word_1_74' title='bbox 22 873 322 923; x_wconf 81' lang='lat' dir='ltr'>tueremque.</span> <span class='ocrx_word' id='word_1_75' title='bbox 349 857 828 905; x_wconf 70' lang='lat' dir='ltr'>Lacedaemoniorum</span> <span class='ocrx_word' id='word_1_76' title='bbox 865 857 1039 904; x_wconf 81' lang='lat' dir='ltr'>deinde</span> <span class='ocrx_word' id='word_1_77' title='bbox 1076 857 1290 906; x_wconf 83' lang='lat' dir='ltr'>exsulum</span> 
     </span>
     <span class='ocr_line' id='line_1_14' title="bbox 23 923 1289 991; baseline -0.001 -16"><span class='ocrx_word' id='word_1_78' title='bbox 23 929 77 975; x_wconf 61' lang='grc' dir='ltr'>ὃς</span> <span class='ocrx_word' id='word_1_79' title='bbox 109 925 400 973; x_wconf 82' lang='lat' dir='ltr'>Achaeorum</span> <span class='ocrx_word' id='word_1_80' title='bbox 438 925 579 990; x_wconf 79' lang='lat' dir='ltr'>legati</span> <span class='ocrx_word' id='word_1_81' title='bbox 613 923 867 972; x_wconf 69' lang='lat' dir='ltr'>introduffi</span> <span class='ocrx_word' id='word_1_82' title='bbox 905 923 1006 972; x_wconf 85' lang='lat' dir='ltr'>sunt</span> <span class='ocrx_word' id='word_1_83' title='bbox 1042 944 1051 972; x_wconf 90' lang='lat'>:</span> <span class='ocrx_word' id='word_1_84' title='bbox 1095 928 1143 974; x_wconf 68' lang='grc' dir='ltr'>ὅ(</span> <span class='ocrx_word' id='word_1_85' title='bbox 1183 925 1289 991; x_wconf 86' lang='lat' dir='ltr'>spes</span> 
     </span>
     <span class='ocr_line' id='line_1_15' title="bbox 23 991 1292 1056; baseline -0.001 -14"><span class='ocrx_word' id='word_1_86' title='bbox 23 994 130 1042; x_wconf 82' lang='lat' dir='ltr'>data</span> <span class='ocrx_word' id='word_1_87' title='bbox 149 992 383 1041; x_wconf 83' lang='lat' dir='ltr'>exsulibus</span> <span class='ocrx_word' id='word_1_88' title='bbox 402 991 466 1041; x_wconf 85' lang='lat' dir='ltr'>est</span> <span class='ocrx_word' id='word_1_89' title='bbox 494 1030 508 1050; x_wconf 80' lang='lat'>‚</span> <span class='ocrx_word' id='word_1_90' title='bbox 535 992 813 1056; x_wconf 73' lang='lat' dir='ltr'>scripturum</span> <span class='ocrx_word' id='word_1_91' title='bbox 836 991 1049 1040; x_wconf 78' lang='lat' dir='ltr'>senatum</span> <span class='ocrx_word' id='word_1_92' title='bbox 1074 994 1257 1041; x_wconf 68' lang='lat' dir='ltr'>Achaeis</span> <span class='ocrx_word' id='word_1_93' title='bbox 1277 1032 1292 1054; x_wconf 89' lang='lat'>,</span> 
     </span>
     <span class='ocr_line' id='line_1_16' title="bbox 23 1059 1292 1126; baseline -0.002 -16"><span class='ocrx_word' id='word_1_94' title='bbox 23 1076 75 1110; x_wconf 91' lang='lat' dir='ltr'>ut</span> <span class='ocrx_word' id='word_1_95' title='bbox 101 1059 468 1109; x_wconf 87' lang='lat' dir='ltr'>restituerentur.</span> <span class='ocrx_word' id='word_1_96' title='bbox 504 1060 669 1107; x_wconf 77' lang='lat' dir='ltr'>Achaei</span> <span class='ocrx_word' id='word_1_97' title='bbox 709 1060 770 1108; x_wconf 91' lang='lat' dir='ltr'>de</span> <span class='ocrx_word' id='word_1_98' title='bbox 811 1059 1026 1109; x_wconf 77' lang='lat' dir='ltr'>Meffene</span> <span class='ocrx_word' id='word_1_99' title='bbox 1061 1079 1254 1126; x_wconf 79' lang='lat' dir='ltr'>recepta</span> <span class='ocrx_word' id='word_1_100' title='bbox 1277 1100 1292 1121; x_wconf 89' lang='lat'>‚</span> 
     </span>
     <span class='ocr_line' id='line_1_17' title="bbox 24 1127 1295 1193; baseline -0.001 -16"><span class='ocrx_word' id='word_1_101' title='bbox 24 1127 390 1193; x_wconf 75' lang='lat' dir='ltr'>compositisque</span> <span class='ocrx_word' id='word_1_102' title='bbox 430 1129 494 1175; x_wconf 86' lang='lat' dir='ltr'>ibi</span> <span class='ocrx_word' id='word_1_103' title='bbox 541 1127 681 1175; x_wconf 86' lang='lat' dir='ltr'>rebus</span> <span class='ocrx_word' id='word_1_104' title='bbox 725 1145 833 1175; x_wconf 88' lang='lat' dir='ltr'>cum</span> <span class='ocrx_word' id='word_1_105' title='bbox 878 1127 1055 1176; x_wconf 76' lang='lat' dir='ltr'>affensu</span> <span class='ocrx_word' id='word_1_106' title='bbox 1099 1128 1295 1178; x_wconf 86' lang='lat' dir='ltr'>Patrum</span> 
     </span>
     <span class='ocr_line' id='line_1_18' title="bbox 24 1194 1297 1262; baseline -0.002 -16"><span class='ocrx_word' id='word_1_107' title='bbox 24 1195 362 1262; x_wconf 82' lang='lat' dir='ltr'>exposuerunt.</span> <span class='ocrx_word' id='word_1_108' title='bbox 408 1194 468 1243; x_wconf 86' lang='lat' dir='ltr'>Et</span> <span class='ocrx_word' id='word_1_109' title='bbox 503 1213 527 1242; x_wconf 87' lang='lat' dir='ltr'>a</span> <span class='ocrx_word' id='word_1_110' title='bbox 559 1194 781 1260; x_wconf 77' lang='lat' dir='ltr'>Philippo</span> <span class='ocrx_word' id='word_1_111' title='bbox 825 1213 935 1262; x_wconf 79' lang='lat' dir='ltr'>rege</span> <span class='ocrx_word' id='word_1_112' title='bbox 966 1196 1297 1245; x_wconf 80' lang='lat' dir='ltr'>Macedonum</span> 
     </span>
     <span class='ocr_line' id='line_1_19' title="bbox 27 1238 1299 1330; baseline -0.001 -17"><span class='ocrx_word' id='word_1_113' title='bbox 27 1264 124 1313; x_wconf 91' lang='lat' dir='ltr'>duo</span> <span class='ocrx_word' id='word_1_114' title='bbox 165 1264 310 1330; x_wconf 80' lang='lat' dir='ltr'>legati</span> <span class='ocrx_word' id='word_1_115' title='bbox 358 1280 506 1311; x_wconf 82' lang='lat' dir='ltr'>vener</span> <span class='ocrx_word' id='word_1_116' title='bbox 511 1279 635 1322; x_wconf 86' lang='lat' dir='ltr'>unt,</span> <span class='ocrx_word' id='word_1_117' title='bbox 684 1238 919 1311; x_wconf 84' lang='lat' dir='ltr'>Philocles</span> <span class='ocrx_word' id='word_1_118' title='bbox 962 1264 1012 1311; x_wconf 85' lang='lat'>&amp;</span> <span class='ocrx_word' id='word_1_119' title='bbox 1052 1265 1111 1312; x_wconf 89' lang='lat' dir='ltr'><strong>A</strong></span> <span class='ocrx_word' id='word_1_120' title='bbox 1104 1264 1252 1330; x_wconf 87' lang='lat' dir='ltr'>pelles</span> <span class='ocrx_word' id='word_1_121' title='bbox 1283 1303 1299 1325; x_wconf 85' lang='lat'>‚</span> 
     </span>
     <span class='ocr_line' id='line_1_20' title="bbox 28 1284 1301 1409; baseline 0 -29"><span class='ocrx_word' id='word_1_122' title='bbox 28 1332 156 1380; x_wconf 88' lang='lat' dir='ltr'>nulla</span> <span class='ocrx_word' id='word_1_123' title='bbox 194 1331 330 1396; x_wconf 88' lang='lat' dir='ltr'>super</span> <span class='ocrx_word' id='word_1_124' title='bbox 361 1348 410 1380; x_wconf 87' lang='lat' dir='ltr'>re</span> <span class='ocrx_word' id='word_1_125' title='bbox 450 1349 554 1409; x_wconf 85' lang='lat' dir='ltr'>quae</span> <span class='ocrx_word' id='word_1_126' title='bbox 581 1331 639 1378; x_wconf 82' lang='lat' dir='ltr'>ab</span> <span class='ocrx_word' id='word_1_127' title='bbox 678 1330 839 1379; x_wconf 79' lang='lat' dir='ltr'>senatu</span> <span class='ocrx_word' id='word_1_128' title='bbox 885 1332 1092 1397; x_wconf 80' lang='lat' dir='ltr'>petenda</span> <span class='ocrx_word' id='word_1_129' title='bbox 1104 1284 1300 1381; x_wconf 83' lang='lat' dir='ltr'>p·esset</span> <span class='ocrx_word' id='word_1_130' title='bbox 1289 1371 1301 1380; x_wconf 90' lang='lat'><strong>.</strong></span> 
     </span>
     <span class='ocr_line' id='line_1_21' title="bbox 30 1398 1298 1466; baseline -0.001 -18"><span class='ocrx_word' id='word_1_131' title='bbox 30 1399 321 1466; x_wconf 85' lang='lat' dir='ltr'>speculatum</span> <span class='ocrx_word' id='word_1_132' title='bbox 352 1402 501 1465; x_wconf 80' lang='lat' dir='ltr'>magis</span> <span class='ocrx_word' id='word_1_133' title='bbox 534 1398 906 1465; x_wconf 80' lang='lat' dir='ltr'>inquisitumque</span> <span class='ocrx_word' id='word_1_134' title='bbox 929 1399 1046 1447; x_wconf 81' lang='lat' dir='ltr'>miffi</span> <span class='ocrx_word' id='word_1_135' title='bbox 1077 1417 1102 1448; x_wconf 89' lang='lat'>2</span> <span class='ocrx_word' id='word_1_136' title='bbox 1127 1401 1217 1449; x_wconf 87' lang='lat' dir='ltr'>de</span> <span class='ocrx_word' id='word_1_137' title='bbox 1211 1403 1262 1448; x_wconf 72' lang='lat' dir='ltr'>iis</span> <span class='ocrx_word' id='word_1_138' title='bbox 1281 1434 1298 1458; x_wconf 85' lang='lat'>,</span> 
     </span>
     <span class='ocr_line' id='line_1_22' title="bbox 30 1466 1303 1533; baseline 0.002 -19"><span class='ocrx_word' id='word_1_139' title='bbox 30 1485 232 1533; x_wconf 86' lang='lat' dir='ltr'>quorum</span> <span class='ocrx_word' id='word_1_140' title='bbox 252 1466 447 1515; x_wconf 78' lang='lat' dir='ltr'>Perseus</span> <span class='ocrx_word' id='word_1_141' title='bbox 469 1466 776 1515; x_wconf 82' lang='lat' dir='ltr'>Demetrium</span> <span class='ocrx_word' id='word_1_142' title='bbox 806 1466 1104 1516; x_wconf 77' lang='lat' dir='ltr'>inlimulasset</span> <span class='ocrx_word' id='word_1_143' title='bbox 1124 1467 1303 1517; x_wconf 85' lang='lat' dir='ltr'>sermo·</span> 
     </span>
     <span class='ocr_line' id='line_1_23' title="bbox 30 1533 1302 1600; baseline -0.001 -17"><span class='ocrx_word' id='word_1_144' title='bbox 30 1552 147 1583; x_wconf 87' lang='lat' dir='ltr'>num</span> <span class='ocrx_word' id='word_1_145' title='bbox 175 1551 285 1582; x_wconf 83' lang='lat' dir='ltr'>cum</span> <span class='ocrx_word' id='word_1_146' title='bbox 312 1533 580 1591; x_wconf 84' lang='lat' dir='ltr'>Romanis,</span> <span class='ocrx_word' id='word_1_147' title='bbox 609 1536 817 1582; x_wconf 73' lang='lat' dir='ltr'>maxime</span> <span class='ocrx_word' id='word_1_148' title='bbox 843 1552 952 1582; x_wconf 89' lang='lat' dir='ltr'>cum</span> <span class='ocrx_word' id='word_1_149' title='bbox 973 1535 1037 1583; x_wconf 88' lang='lat' dir='ltr'>T.</span> <span class='ocrx_word' id='word_1_150' title='bbox 1056 1536 1264 1600; x_wconf 81' lang='lat' dir='ltr'>Quintio</span> <span class='ocrx_word' id='word_1_151' title='bbox 1285 1573 1302 1596; x_wconf 85' lang='lat'>‚</span> 
     </span>
     <span class='ocr_line' id='line_1_24' title="bbox 34 1601 1303 1668; baseline 0.001 -18"><span class='ocrx_word' id='word_1_152' title='bbox 34 1604 264 1650; x_wconf 67' lang='lat' dir='ltr'>adversus</span> <span class='ocrx_word' id='word_1_153' title='bbox 301 1601 494 1650; x_wconf 80' lang='lat' dir='ltr'>fratrem</span> <span class='ocrx_word' id='word_1_154' title='bbox 545 1602 604 1650; x_wconf 90' lang='lat' dir='ltr'>de</span> <span class='ocrx_word' id='word_1_155' title='bbox 656 1619 807 1668; x_wconf 77' lang='lat' dir='ltr'>regno</span> <span class='ocrx_word' id='word_1_156' title='bbox 857 1604 1146 1651; x_wconf 78' lang='lat' dir='ltr'>habitorum.</span> <span class='ocrx_word' id='word_1_157' title='bbox 1193 1603 1303 1652; x_wconf 89' lang='lat' dir='ltr'>Hos</span> 
     </span>
     <span class='ocr_line' id='line_1_25' title="bbox 35 1670 1306 1736; baseline 0 -18"><span class='ocrx_word' id='word_1_158' title='bbox 35 1685 278 1736; x_wconf 86' lang='lat' dir='ltr'>tamquam</span> <span class='ocrx_word' id='word_1_159' title='bbox 306 1670 492 1717; x_wconf 85' lang='lat' dir='ltr'>medios</span> <span class='ocrx_word' id='word_1_160' title='bbox 513 1706 527 1728; x_wconf 86' lang='lat'>‚</span> <span class='ocrx_word' id='word_1_161' title='bbox 565 1686 655 1718; x_wconf 86' lang='lat' dir='ltr'>nec</span> <span class='ocrx_word' id='word_1_162' title='bbox 685 1672 731 1718; x_wconf 87' lang='lat' dir='ltr'>in</span> <span class='ocrx_word' id='word_1_163' title='bbox 758 1671 946 1718; x_wconf 71' lang='lat' dir='ltr'>alterius</span> <span class='ocrx_word' id='word_1_164' title='bbox 974 1670 1194 1719; x_wconf 75' lang='lat' dir='ltr'>favorem</span> <span class='ocrx_word' id='word_1_165' title='bbox 1225 1674 1306 1719; x_wconf 81' lang='lat' dir='ltr'>in·-</span> 
     </span>
     <span class='ocr_line' id='line_1_26' title="bbox 40 1737 1309 1795; baseline 0.002 -11"><span class='ocrx_word' id='word_1_166' title='bbox 40 1738 240 1785; x_wconf 65' lang='lat' dir='ltr'>clinatos</span> <span class='ocrx_word' id='word_1_167' title='bbox 260 1775 272 1794; x_wconf 85' lang='lat'>‚</span> <span class='ocrx_word' id='word_1_168' title='bbox 302 1737 489 1786; x_wconf 77' lang='lat' dir='ltr'>miserat</span> <span class='ocrx_word' id='word_1_169' title='bbox 510 1754 591 1786; x_wconf 86' lang='lat' dir='ltr'>rex</span> <span class='ocrx_word' id='word_1_170' title='bbox 614 1755 627 1795; x_wconf 88' lang='lat'>·‚</span> <span class='ocrx_word' id='word_1_171' title='bbox 657 1754 791 1786; x_wconf 79' lang='lat' dir='ltr'>erant</span> <span class='ocrx_word' id='word_1_172' title='bbox 815 1753 976 1786; x_wconf 75' lang='lat' dir='ltr'>autem</span> <span class='ocrx_word' id='word_1_173' title='bbox 1006 1739 1053 1785; x_wconf 50' lang='grc' dir='ltr'>ὃ(</span> <span class='ocrx_word' id='word_1_174' title='bbox 1079 1740 1125 1787; x_wconf 81' lang='lat' dir='ltr'>hi</span> <span class='ocrx_word' id='word_1_175' title='bbox 1155 1738 1309 1787; x_wconf 86' lang='lat' dir='ltr'>Persei</span> 
     </span>
     <span class='ocr_line' id='line_1_27' title="bbox 39 1804 1311 1872; baseline 0.001 -18"><span class='ocrx_word' id='word_1_176' title='bbox 39 1804 215 1854; x_wconf 84' lang='lat' dir='ltr'>fraudis</span> <span class='ocrx_word' id='word_1_177' title='bbox 248 1807 295 1852; x_wconf 90' lang='lat' dir='ltr'>in</span> <span class='ocrx_word' id='word_1_178' title='bbox 328 1804 521 1853; x_wconf 83' lang='lat' dir='ltr'>fratrem</span> <span class='ocrx_word' id='word_1_179' title='bbox 555 1804 749 1853; x_wconf 75' lang='lat' dir='ltr'>ministri</span> <span class='ocrx_word' id='word_1_180' title='bbox 781 1806 831 1854; x_wconf 82' lang='lat'>&amp;</span> <span class='ocrx_word' id='word_1_181' title='bbox 875 1808 1153 1872; x_wconf 73' lang='lat' dir='ltr'>participes·</span> <span class='ocrx_word' id='word_1_182' title='bbox 1198 1806 1311 1855; x_wconf 86' lang='lat' dir='ltr'>De-</span> 
     </span>
     <span class='ocr_line' id='line_1_28' title="bbox 42 1873 1317 1951; baseline 0.001 -29"><span class='ocrx_word' id='word_1_183' title='bbox 42 1875 238 1922; x_wconf 86' lang='lat' dir='ltr'>metrius</span> <span class='ocrx_word' id='word_1_184' title='bbox 267 1888 288 1937; x_wconf 84' lang='lat'>3</span> <span class='ocrx_word' id='word_1_185' title='bbox 313 1875 529 1921; x_wconf 84' lang='lat' dir='ltr'>omnium</span> <span class='ocrx_word' id='word_1_186' title='bbox 553 1910 567 1931; x_wconf 89' lang='lat'>‚</span> <span class='ocrx_word' id='word_1_187' title='bbox 607 1887 920 1951; x_wconf 67' lang='lat' dir='ltr'>praeterquam</span> <span class='ocrx_word' id='word_1_188' title='bbox 941 1873 1135 1923; x_wconf 81' lang='lat' dir='ltr'>fraterni</span> <span class='ocrx_word' id='word_1_189' title='bbox 1162 1874 1317 1924; x_wconf 87' lang='lat' dir='ltr'>scele-</span> 
     </span>
     <span class='ocr_line' id='line_1_29' title="bbox 41 1941 1316 2007; baseline 0.002 -19"><span class='ocrx_word' id='word_1_190' title='bbox 41 1942 136 1998; x_wconf 84' lang='lat' dir='ltr'>ris,</span> <span class='ocrx_word' id='word_1_191' title='bbox 160 1941 291 2006; x_wconf 84' lang='lat' dir='ltr'>quod</span> <span class='ocrx_word' id='word_1_192' title='bbox 322 1958 472 2006; x_wconf 87' lang='lat' dir='ltr'>nuper</span> <span class='ocrx_word' id='word_1_193' title='bbox 502 1955 759 2006; x_wconf 80' lang='lat' dir='ltr'>eruperat,</span> <span class='ocrx_word' id='word_1_194' title='bbox 790 1941 1013 2007; x_wconf 78' lang='lat' dir='ltr'>ignarus,</span> <span class='ocrx_word' id='word_1_195' title='bbox 1040 1944 1196 2007; x_wconf 68' lang='lat' dir='ltr'>primo</span> <span class='ocrx_word' id='word_1_196' title='bbox 1226 1959 1316 1991; x_wconf 85' lang='lat' dir='ltr'>ne·</span> 
     </span>
     <span class='ocr_line' id='line_1_30' title="bbox 43 2009 1315 2078; baseline 0.002 -22"><span class='ocrx_word' id='word_1_197' title='bbox 43 2025 138 2075; x_wconf 89' lang='lat' dir='ltr'>que</span> <span class='ocrx_word' id='word_1_198' title='bbox 173 2026 394 2074; x_wconf 77' lang='lat' dir='ltr'>magnam</span> <span class='ocrx_word' id='word_1_199' title='bbox 427 2046 441 2067; x_wconf 63' lang='lat' dir='ltr'>a</span> <span class='ocrx_word' id='word_1_200' title='bbox 489 2026 645 2074; x_wconf 83' lang='lat' dir='ltr'>neque</span> <span class='ocrx_word' id='word_1_201' title='bbox 683 2010 861 2078; x_wconf 80' lang='lat' dir='ltr'>nullam</span> <span class='ocrx_word' id='word_1_202' title='bbox 893 2009 1026 2074; x_wconf 79' lang='lat' dir='ltr'>spem</span> <span class='ocrx_word' id='word_1_203' title='bbox 1062 2010 1268 2058; x_wconf 82' lang='lat' dir='ltr'>habebat</span> <span class='ocrx_word' id='word_1_204' title='bbox 1300 2047 1315 2069; x_wconf 84' lang='lat'>‚</span> 
     </span>
     <span class='ocr_line' id='line_1_31' title="bbox 43 2075 1317 2142; baseline 0.001 -18"><span class='ocrx_word' id='word_1_205' title='bbox 43 2090 228 2142; x_wconf 85' lang='lat' dir='ltr'>patrem</span> <span class='ocrx_word' id='word_1_206' title='bbox 259 2075 340 2123; x_wconf 87' lang='lat' dir='ltr'>fibi</span> <span class='ocrx_word' id='word_1_207' title='bbox 366 2077 541 2141; x_wconf 78' lang='lat' dir='ltr'>placari</span> <span class='ocrx_word' id='word_1_208' title='bbox 565 2075 730 2142; x_wconf 78' lang='lat' dir='ltr'>poffe3</span> <span class='ocrx_word' id='word_1_209' title='bbox 765 2078 919 2126; x_wconf 84' lang='lat' dir='ltr'>minus</span> <span class='ocrx_word' id='word_1_210' title='bbox 950 2078 1156 2126; x_wconf 83' lang='lat' dir='ltr'>deinde</span> <span class='ocrx_word' id='word_1_211' title='bbox 1146 2097 1191 2125; x_wconf 86' lang='lat' dir='ltr'>m</span> <span class='ocrx_word' id='word_1_212' title='bbox 1214 2078 1317 2125; x_wconf 85' lang='lat' dir='ltr'>dies</span> 
     </span>
    </p>
   </div>
   <div class='ocr_carea' id='block_1_3' title="bbox 46 2153 1332 2703">
    <p class='ocr_par' dir='ltr' id='par_1_4' title="bbox 46 2153 1327 2334">
     <span class='ocr_line' id='line_1_32' title="bbox 46 2153 1327 2212; baseline 0.002 -16"><span class='ocrx_word' id='word_1_213' title='bbox 46 2153 231 2207; x_wconf 78' lang='lat' dir='ltr'>Apuliam</span> <span class='ocrx_word' id='word_1_214' title='bbox 273 2171 390 2196; x_wconf 82' lang='lat' dir='ltr'>nemo</span> <span class='ocrx_word' id='word_1_215' title='bbox 435 2169 649 2208; x_wconf 69' lang='lat' dir='ltr'>praetorum</span> <span class='ocrx_word' id='word_1_216' title='bbox 713 2156 888 2204; x_wconf 75' lang='lat' dir='ltr'>Melius,</span> <span class='ocrx_word' id='word_1_217' title='bbox 907 2173 943 2211; x_wconf 86' lang='lat' dir='ltr'><em>p</em></span> <span class='ocrx_word' id='word_1_218' title='bbox 942 2171 1003 2197; x_wconf 65' lang='lat' dir='ltr'>*tae</span> <span class='ocrx_word' id='word_1_219' title='bbox 1008 2157 1327 2212; x_wconf 66' lang='lat' dir='ltr'>erquamfrater-</span> 
     </span>
     <span class='ocr_line' id='line_1_33' title="bbox 49 2216 1317 2272; baseline 0.005 -18"><span class='ocrx_word' id='word_1_220' title='bbox 49 2216 209 2257; x_wconf 80' lang='lat' dir='ltr'>sortitus</span> <span class='ocrx_word' id='word_1_221' title='bbox 239 2218 382 2258; x_wconf 79' lang='lat' dir='ltr'>fuerat.</span> <span class='ocrx_word' id='word_1_222' title='bbox 402 2219 503 2261; x_wconf 85' lang='lat' dir='ltr'>Vid.</span> <span class='ocrx_word' id='word_1_223' title='bbox 534 2233 569 2259; x_wconf 88' lang='lat' dir='ltr'>c.</span> <span class='ocrx_word' id='word_1_224' title='bbox 599 2233 613 2259; x_wconf 89' lang='lat'>1</span> <span class='ocrx_word' id='word_1_225' title='bbox 636 2247 647 2268; x_wconf 90' lang='lat'>‚</span> <span class='ocrx_word' id='word_1_226' title='bbox 713 2233 763 2257; x_wconf 86' lang='lat' dir='ltr'>no</span> <span class='ocrx_word' id='word_1_227' title='bbox 786 2216 936 2272; x_wconf 83' lang='lat' dir='ltr'>scelere</span> <span class='ocrx_word' id='word_1_228' title='bbox 966 2233 978 2258; x_wconf 89' lang='lat'>.·</span> <span class='ocrx_word' id='word_1_229' title='bbox 1009 2231 1052 2258; x_wconf 86' lang='lat' dir='ltr'>ut</span> <span class='ocrx_word' id='word_1_230' title='bbox 1079 2220 1210 2260; x_wconf 80' lang='lat' dir='ltr'>sensus</span> <span class='ocrx_word' id='word_1_231' title='bbox 1239 2220 1283 2260; x_wconf 74' lang='lat' dir='ltr'>szt</span> <span class='ocrx_word' id='word_1_232' title='bbox 1304 2247 1317 2266; x_wconf 88' lang='lat'><strong>,</strong></span> 
     </span>
     <span class='ocr_line' id='line_1_34' title="bbox 54 2277 1319 2334; baseline 0.002 -18"><span class='ocrx_word' id='word_1_233' title='bbox 54 2277 182 2331; x_wconf 66' lang='lat' dir='ltr'>supris.</span> <span class='ocrx_word' id='word_1_234' title='bbox 713 2279 969 2320; x_wconf 85' lang='lat' dir='ltr'>Demetrium</span> <span class='ocrx_word' id='word_1_235' title='bbox 997 2282 1168 2320; x_wconf 83' lang='lat' dir='ltr'>omnium</span> <span class='ocrx_word' id='word_1_236' title='bbox 1190 2309 1201 2328; x_wconf 86' lang='lat'><strong>‚</strong></span> <span class='ocrx_word' id='word_1_237' title='bbox 1231 2294 1319 2334; x_wconf 82' lang='lat' dir='ltr'>quae</span> 
     </span>
    </p>

    <p class='ocr_par' dir='ltr' id='par_1_5' title="bbox 50 2338 1326 2578">
     <span class='ocr_line' id='line_1_35' title="bbox 115 2338 1323 2394; baseline 0.004 -17"><span class='ocrx_word' id='word_1_238' title='bbox 115 2351 138 2377; x_wconf 90' lang='lat'>2</span> <span class='ocrx_word' id='word_1_239' title='bbox 160 2338 229 2377; x_wconf 76' lang='lat' dir='ltr'>De</span> <span class='ocrx_word' id='word_1_240' title='bbox 251 2338 297 2378; x_wconf 74' lang='lat' dir='ltr'>iis</span> <span class='ocrx_word' id='word_1_241' title='bbox 318 2355 472 2393; x_wconf 75' lang='lat' dir='ltr'>qnorum</span> <span class='ocrx_word' id='word_1_242' title='bbox 493 2338 653 2394; x_wconf 74' lang='lat' dir='ltr'>Perseus</span> <span class='ocrx_word' id='word_1_243' title='bbox 716 2341 766 2380; x_wconf 88' lang='lat' dir='ltr'>de</span> <span class='ocrx_word' id='word_1_244' title='bbox 788 2341 824 2381; x_wconf 87' lang='lat' dir='ltr'>se</span> <span class='ocrx_word' id='word_1_245' title='bbox 844 2353 996 2394; x_wconf 70' lang='lat' dir='ltr'>patrem</span> <span class='ocrx_word' id='word_1_246' title='bbox 1014 2370 1024 2388; x_wconf 88' lang='lat'>,</span> <span class='ocrx_word' id='word_1_247' title='bbox 1048 2342 1236 2392; x_wconf 77' lang='lat' dir='ltr'>fratrem,</span> <span class='ocrx_word' id='word_1_248' title='bbox 1255 2354 1323 2382; x_wconf 87' lang='lat' dir='ltr'>to-</span> 
     </span>
     <span class='ocr_line' id='line_1_36' title="bbox 50 2398 1324 2457; baseline 0.002 -17"><span class='ocrx_word' id='word_1_249' title='bbox 50 2398 298 2440; x_wconf 71' lang='lat' dir='ltr'>Demetrium</span> <span class='ocrx_word' id='word_1_250' title='bbox 316 2400 653 2455; x_wconf 73' lang='lat' dir='ltr'>insimulaffecser-</span> <span class='ocrx_word' id='word_1_251' title='bbox 717 2412 796 2441; x_wconf 81' lang='lat' dir='ltr'>tam</span> <span class='ocrx_word' id='word_1_252' title='bbox 842 2404 970 2442; x_wconf 69' lang='lat' dir='ltr'>aulam</span> <span class='ocrx_word' id='word_1_253' title='bbox 1007 2404 1156 2457; x_wconf 72' lang='lat' dir='ltr'>agitare</span> <span class='ocrx_word' id='word_1_254' title='bbox 1197 2403 1324 2456; x_wconf 66' lang='lat' dir='ltr'>poss&#39;et</span> 
     </span>
     <span class='ocr_line' id='line_1_37' title="bbox 55 2461 1324 2516; baseline 0.004 -16"><span class='ocrx_word' id='word_1_255' title='bbox 55 2461 233 2514; x_wconf 78' lang='lat' dir='ltr'>monum]</span> <span class='ocrx_word' id='word_1_256' title='bbox 259 2462 654 2512; x_wconf 75' lang='lat' dir='ltr'>Deiislermonibus‚</span> <span class='ocrx_word' id='word_1_257' title='bbox 719 2463 902 2516; x_wconf 76' lang='lat' dir='ltr'>(uspicari</span> <span class='ocrx_word' id='word_1_258' title='bbox 923 2492 933 2510; x_wconf 91' lang='lat'>,</span> <span class='ocrx_word' id='word_1_259' title='bbox 969 2464 1131 2504; x_wconf 76' lang='lat' dir='ltr'>inscium</span> <span class='ocrx_word' id='word_1_260' title='bbox 1175 2464 1286 2505; x_wconf 73' lang='lat' dir='ltr'>fuisse</span> <span class='ocrx_word' id='word_1_261' title='bbox 1312 2491 1324 2512; x_wconf 91' lang='lat'>,</span> 
     </span>
     <span class='ocr_line' id='line_1_38' title="bbox 53 2520 1326 2578; baseline 0.005 -18"><span class='ocrx_word' id='word_1_262' title='bbox 53 2535 224 2575; x_wconf 88' lang='lat' dir='ltr'>quorum</span> <span class='ocrx_word' id='word_1_263' title='bbox 246 2523 465 2562; x_wconf 83' lang='lat' dir='ltr'>sermonum</span> <span class='ocrx_word' id='word_1_264' title='bbox 485 2552 496 2571; x_wconf 87' lang='lat'>‚</span> <span class='ocrx_word' id='word_1_265' title='bbox 520 2520 601 2565; x_wconf 65' lang='grc' dir='ltr'>ἃς.</span> <span class='ocrx_word' id='word_1_266' title='bbox 721 2537 987 2577; x_wconf 70' lang='lat' dir='ltr'>praeterquam</span> <span class='ocrx_word' id='word_1_267' title='bbox 1035 2536 1224 2578; x_wconf 69' lang='lat' dir='ltr'>qtmntum</span> <span class='ocrx_word' id='word_1_268' title='bbox 1274 2540 1326 2566; x_wconf 81' lang='lat' dir='ltr'>ex</span> 
     </span>
    </p>

    <p class='ocr_par' dir='ltr' id='par_1_6' title="bbox 48 2583 1332 2703">
     <span class='ocr_line' id='line_1_39' title="bbox 123 2583 1332 2639; baseline 0.006 -16"><span class='ocrx_word' id='word_1_269' title='bbox 123 2591 140 2633; x_wconf 89' lang='lat'>3</span> <span class='ocrx_word' id='word_1_270' title='bbox 167 2583 344 2623; x_wconf 83' lang='lat' dir='ltr'>Omnium</span> <span class='ocrx_word' id='word_1_271' title='bbox 371 2613 380 2630; x_wconf 92' lang='lat'>,</span> <span class='ocrx_word' id='word_1_272' title='bbox 409 2597 661 2639; x_wconf 81' lang='lat' dir='ltr'>praeterquam</span> <span class='ocrx_word' id='word_1_273' title='bbox 724 2587 874 2625; x_wconf 80' lang='lat' dir='ltr'>scelere</span> <span class='ocrx_word' id='word_1_274' title='bbox 897 2587 1084 2626; x_wconf 72' lang='lat' dir='ltr'>fraternae</span> <span class='ocrx_word' id='word_1_275' title='bbox 1105 2587 1332 2630; x_wconf 75' lang='lat' dir='ltr'>accusatio-</span> 
     </span>
     <span class='ocr_line' id='line_1_40' title="bbox 48 2639 1048 2703; baseline 0.008 -21"><span class='ocrx_word' id='word_1_276' title='bbox 48 2639 221 2697; x_wconf 80' lang='lat' dir='ltr'>fratemi</span> <span class='ocrx_word' id='word_1_277' title='bbox 234 2642 446 2700; x_wconf 80' lang='lat' dir='ltr'>sceleris...</span> <span class='ocrx_word' id='word_1_278' title='bbox 468 2646 658 2703; x_wconf 75' lang='lat' dir='ltr'>ignarus]</span> <span class='ocrx_word' id='word_1_279' title='bbox 723 2648 784 2689; x_wconf 87' lang='lat' dir='ltr'>nis</span> <span class='ocrx_word' id='word_1_280' title='bbox 815 2647 1048 2702; x_wconf 80' lang='lat' dir='ltr'>colligeret.</span> 
     </span>
    </p>
   </div>
  </div>
 </body>
</html>
