1670 3068
333 125 694 182 LIBER
786 121 1034 180 XLI:
1172 141 1296 198 2037v

22 204 198 257 accitos
223 204 282 254 ab
316 222 377 254 eo
412 203 656 252 Bastarnas
676 239 690 264 ‚
718 218 809 253 nec
837 200 1028 251 aufiore
1063 216 1124 251 eo
1153 205 1504 267 quic-U.c.577..

21 290 161 342 quam
183 271 359 322 facere.
402 271 603 321 Senatus
633 288 724 321 nee
753 270 976 320 liberavit
1001 266 1103 334 ejus
1131 270 1488 335 culmea-0175·

18 357 216 408 regem,
253 357 408 408 neque
439 342 595 408 arguit
630 357 643 388 ι
690 339 881 388 moneri
919 354 1032 387 eum
1068 351 1285 386 tantum-

19 408 165 460 modo
195 406 322 472 justit
351 445 365 469 ‚
414 422 466 457 ut
500 410 644 457 etiam
680 422 826 474 atque
863 407 1013 456 etiam
1043 420 1228 454 curaret
1271 443 1302 467 „

25 492 53 525 ι,
69 491 120 524 ut
141 474 343 524 sancium
368 476 567 525 haberet
591 475 750 524 foedus
773 513 790 534 ,
820 474 954 541 quod
982 474 1026 522 ei
1052 490 1161 522 cum
1182 472 1287 522 Ro-

17 545 164 594 manis
197 543 290 593 effe
317 544 472 594 videri
497 542 665 610 posset.
687 543 907 591 Dardani
927 559 1072 609 quum
1093 540 1285 590 Bastar-

17 628 98 660 nas
120 627 219 660 non
247 611 399 661 modo
426 629 526 660 non
548 611 784 660 excedere
803 609 974 660 finibus
995 610 1083 658 suis
1103 647 1117 670 ‚
1151 609 1300 677 quod*

15 677 356 745 speraverant,
391 679 475 728 sed
506 681 751 746 graviores
781 677 884 727 fieri
908 681 955 725 in
984 677 1087 727 dies
1109 694 1285 727 cerne-

15 760 154 807 rent,
194 746 416 797 subnixos
451 746 698 797 Thracum
735 747 1011 796 accolarum
1052 747 1104 795 &
1140 746 1288 795 Scor-

16 813 249 865 discorum
281 815 465 865 auxiliis
489 854 503 878 ‚
556 815 832 865 audendum
874 813 1054 880 aliquid
1091 816 1171 862 vel
1203 829 1286 864 te-

7 898 142 933 mere
164 885 251 932 rati
272 922 286 945 ‚
312 901 487 934 omnes
508 883 721 951 undique
741 883 910 932 armati
930 883 989 931 ad
1007 882 1244 949 oppidum
1269 918 1300 942 ‚.

5 950 147 1018 -quod
172 953 451 1019 proximum
477 951 632 1002 castris
657 950 990 1001 Bastarnarum
1014 965 1142 1011 erat,
1167 967 1286 1000 con·

5 1035 260 1072 venerunt.
297 1021 632 1081 Hiems-erat,
666 1020 717 1070 ὃ(
743 1020 791 1068 id
825 1021 936 1069 anni
968 1036 1160 1084 tempus
1184 1018 1287 1068 ele-

4 1103 177 1156 ngerant
200 1101 296 1150 ,.ut
324 1088 542 1140 Thraces
577 1088 911 1155 Scordiscique
945 1089 994 1136 in
1029 1086 1148 1135 fines
1177 1086 1285 1136 suos

15 1155 222 1217 abirent3
253 1158 387 1224 quod
408 1158 487 1207 ubi
519 1158 585 1207 ita
608 1156 782 1206 facium
801 1193 815 1216 ,
851 1157 902 1205 &
923 1154 1048 1205 solos
1071 1153 1167 1220 jam
1192 1153 1286 1205 effe

7 1221 255 1274 *Bastarnas
279 1226 530 1276 audierunt
554 1264 567 1287 ,
604 1225 825 1274 bifariam
849 1223 1070 1273 dividunt
1089 1223 1252 1289 copias
1276 1239 1289 1281 z

13 1309 118 1357 pars
143 1309 194 1342 ut
219 1293 348 1344 recio
380 1297 549 1344 itinere
580 1294 641 1343 ad
674 1291 994 1342 lacessendum
1023 1309 1082 1341 ex
1116 1307 1287 1358 aperto

8 1360 100 1409 iret
123 1397 136 1420 ,
169 1379 276 1427 pars
305 1363 454 1413 devio
486 1362 602 1412 saltu
633 1359 955 1411 circumducia
989 1398 1003 1420 ‚
1050 1359 1110 1408 ab
1147 1374 1288 1427 tergo

6 1430 383 1495 aggrederetur..
428 1429 669 1481 Ceterum
719 1427 991 1496 priusquam
1041 1429 1296 1478 circumirev

8 1496 152 1545 castra
186 1498 389 1548 hostium
427 1496 649 1565 possent,
693 1513 959 1565 pugnatum
994 1493 1060 1545 est
1098 1513 1108 1544 :
1152 1495 1292 1545 vicii-

4 1579 105 1631 que
126 1564 346 1615 Dardani
374 1568 734 1632 compelluntur
757 1569 804 1613 in
830 1566 999 1614 urbem
1025 1600 1039 1623 ‚
1065 1581 1169 1630 quae
1189 1563 1311 1613 fere

12 1633 270 1682 duodecim
298 1635 445 1683 millia
481 1637 541 1684 ab
575 1633 728 1683 castris
759 1632 1091 1681 Bastarnarum
1110 1633 1293 1683 aberat.

4 1697 234 1751 ·Vi&0res
259 1701 509 1752 confestim
532 1701 870 1752 circumsidunt
904 1701 1074 1750 urbem
1112 1717 1122 1747 z
1161 1701 1290 1750 haud

11 1767 151 1818 dubie
176 1771 371 1836 postero
408 1773 484 1820 die
517 1786 597 1820 aut
619 1786 755 1820 metu
791 1768 1023 1818 dedituris
1050 1768 1096 1817 se
1133 1767 1290 1817 hosti-

11 1835 98 1887 bus
119 1876 134 1899 ,
159 1853 238 1887 aut
272 1842 322 1889 vi
349 1841 685 1907 expugnaturi.
708 1837 907 1887 Interim
938 1836 1305 1886 Dardanorum?

8 1903 157 1955 altera
188 1924 356 1956 manus
387 1945 400 1968 ,
440 1926 545 1974 quae
580 1905 902 1956 circumdufia
936 1920 1037 1954 erat
1064 1943 1078 1964 ,
1120 1907 1285 1972 ignara

8 1972 150 2022 cladis
178 1974 367 2024 suorum
392 2013 406 2035 ,
441 1974 583 2024 castra
620 1974 951 2026 Bastarnarum
984 1972 1080 2022 sine
1119 1972 1278 2038 praesi-

10 2040 89 2090 dio
122 2042 279 2091 relffiia
304 2043 472 2110 [nullo
494 2046 696 2111 negotio
728 2045 872 2109 cepit.
909 2039 1149 2091 Bastarnae
1169 2060 1274 2092 om-
1315 2041 1459 2096 supp&

10 2109 56 2156 ni
90 2108 143 2158 &
170 2128 444 2161 commeatu
464 2150 478 2172 ‚
514 2113 566 2161 ὃς
594 2125 827 2179 apparatu
852 2111 1032 2159 bellico
1059 2147 1073 2169 ,
1115 2111 1194 2176 qui
1224 2112 1274 2158 in

14 2175 166 2228 castris
199 2178 354 2228 fuerat
375 2217 390 2240 ,
425 2181 591 2241 exuti,
624 2198 770 2246 quum
796 2178 898 2246 ejus
922 2178 1173 2244 reparandi
1206 2177 1283 2227 fa·

11 2245 156 2294 eultas
183 2263 242 2295 ex
280 2246 436 2297 hostili
469 2250 670 2315 regione
704 2285 718 2309 ‚
766 2248 820 2297 ὃς
853 2246 1025 2296 infesto
1057 2262 1280 2313 iempore

13 2314 152 2375 anni,
179 2315 307 2364 nulla
329 2314 444 2365 esset
460 2355 475 2377 ‚
506 2319 679 2381 patrias
700 2316 834 2366 sedes
855 2331 1074 2381 repetere
1095 2314 1282 2363 statue-

10 2395 132 2430 runt.
170 2381 341 2450 ltaque
376 2385 435 2432 ad
463 2384 628 2434 Istrum
666 2382 859 2452 regreffi
884 2421 898 2444 ,
940 2402 1040 2433 non
1072 2381 1167 2432 sme
1204 2384 1292 2430 ina

12 2483 125 2527 done
165 2487 292 2538 belli,
337 2487 518 2528 dicerent
571 2487 611 2529 ὅ(
676 2487 772 2542 dus]
805 2487 1014 2527 Emendat
1047 2483 1294 2540 uesanc'tuin-vs

12 2548 179 2599 probare
214 2549 473 2590 intenderent
493 2577 504 2598 ,
536 2564 611 2590 nec
674 2549 812 2589 hahere
825 2548 950 2602 foedus
968 2577 979 2594 ,
1003 2550 1104 2601 qaod
1131 2548 1166 2586 ei
1197 2563 1300 2586 cuma*

15 2607 180 2650 accitos.
676 2611 864 2654 Romanis
880 2609 984 2666 effer,
1004 2608 1299 2665 videripoffetar.

80 2667 173 2711 lillt
186 2667 354 2727 semeiam
378 2671 616 2727 haberetfoe»
