1670 3068
339 117 457 171 410
624 98 677 156 T
721 116 742 155 1
787 116 826 155 T
871 115 892 154 1
990 101 1034 155 L
1080 117 1100 156 1
1147 118 1189 155 v
1235 117 1254 156 1
1302 117 1322 155 1

137 191 313 241 Uc584
341 179 423 226 Ab
466 178 537 226 his
579 182 837 258 praeceptis
881 182 1171 228 concionem
1214 178 1426 228 dimifit:
1467 179 1616 248 vulgo

136 260 172 290 Ἷ
181 249 226 290 C
236 248 322 288 168
343 248 489 295 etiam
515 252 751 296 veteranis
779 248 1070 305 fatentibus,
1103 247 1149 294 se
1174 247 1257 294 illo
1280 248 1486 312 primum
1506 249 1615 310 die,

340 328 588 405 tamquam
624 318 804 365 tirones
838 353 851 374 ‚
889 315 1003 379 quid
1049 314 1293 380 agendum
1326 313 1440 363 esset
1479 317 1526 362 in
1563 333 1614 366 re

338 383 570 442 militari,
595 381 822 431 didicisse.
856 380 972 429 Non
993 354 1290 430 sermonibus
1308 384 1492 431 tantum
1513 384 1615 445 his,

341 468 450 498 cum
492 466 672 516 quanto
713 448 890 498 assensu
925 449 1155 498 audiffent
1197 451 1347 499 verba
1377 451 1577 498 consulis
1601 489 1618 513 ‚

340 517 656 567 ostenderunt
688 535 698 564 ε
740 518 820 566 sed
847 534 1005 565 rerum
1039 517 1242 583 praesens
1273 516 1467 567 effecius
1497 534 1615 570 erat.

186 595 328 637 Fervet
343 585 609 635 Neminem
636 586 749 635 totis
787 602 903 633 mox
934 584 1087 633 castris
1122 588 1336 650 quietum
1375 587 1567 635 videres
1599 605 1612 636 ε

131 659 171 699 in
195 658 282 708 cast
280 672 327 697 ιε
342 670 514 702 acuere
550 653 628 700 alii
663 653 847 720 gladios
873 691 889 713 ‚
922 654 999 702 alii
1021 653 1179 720 galeas
1205 653 1234 702 6
1265 653 1576 719 bucculasque
1598 693 1614 716 ,

129 735 243 775 opus.
340 724 466 770 scuta
495 721 606 780 alii,
643 722 907 799 loricasque
936 737 1163 788 tergere:
1207 722 1282 770 alii
1313 736 1477 787 aptare
1506 739 1616 770 cor-

339 792 449 857 pori
479 807 606 836 arma
645 827 659 849 ‚
703 791 1004 854 experirique
1012 762 1127 836 t>sub
1175 790 1245 837 his
1281 791 1613 839 membrorum

338 859 601 924 agilitatem
636 874 646 904 ε
696 873 896 923 quatere
925 859 1001 904 alii
1030 858 1158 922 pila,
1188 857 1264 904 alii
1293 860 1471 906 micare
1506 859 1638 924 gla··⁴

337 927 458 984 diis,
485 942 866 1015 mucronemque
887 927 1055 974 intueri
1083 942 1093 971 :
1129 939 1178 971 ut
1210 924 1349 974 facile
1375 928 1477 993 quis
1503 943 1614 974 cer-

337 1009 520 1045 neret
562 993 641 1040 ubi
687 995 896 1058 primum
939 992 1220 1041 conserendi
1269 1012 1462 1042 manum
1502 992 1636 1042 cum*

337 1061 477 1110 hoste
511 1061 618 1108 data
650 1060 837 1109 occafio
865 1059 979 1110 effer
1003 1099 1018 1139 .'
1053 1059 1350 1110 autvi&oria
1383 1062 1612 1129 egregia,

338 1144 419 1178 aut
440 1147 597 1178 morte
617 1130 918 1177 memorabili
950 1131 1150 1177 inituros
1185 1129 1382 1178 bellum.
1416 1129 1613 1180 Perseus

337 1214 536 1262 quoque
561 1235 574 1255 ‚
609 1214 757 1261 quum
787 1197 998 1245 adventu
1023 1197 1228 1246 consulis
1251 1197 1387 1245 simul
1413 1198 1465 1247 &
1492 1199 1615 1247 veris

334 1267 578 1331 principio
613 1265 821 1331 strepere
842 1268 1005 1313 omnia
1030 1268 1316 1359 moverique
1351 1266 1480 1331 apud
1517 1266 1616 1315 ho-

334 1332 426 1381 stes
453 1371 467 1393 ,
502 1334 634 1382 velut
665 1351 799 1382 novo
818 1334 982 1392 bello,
1009 1349 1227 1382 cerneret
1245 1351 1259 1392 ;
1283 1349 1415 1383 mota
1435 1353 1461 1382 a
1481 1333 1614 1383 Phila

337 1400 483 1456 castra
504 1404 551 1449 in
586 1400 782 1450 adversa
814 1403 914 1466 ripa
946 1400 1096 1467 posita
1120 1419 1132 1460 3
1166 1419 1291 1450 nunc
1317 1403 1375 1449 ad
1398 1416 1616 1450 contem·

335 1470 515 1535 planda
537 1487 686 1534 opera
706 1469 783 1516 sua
805 1471 1051 1517 circumire
1079 1470 1282 1529 ducem,
1316 1470 1443 1517 haud
1471 1469 1611 1519 dubie

177 1537 557 1609 Suppl,transitus
585 1537 914 1603 speculantem
939 1556 954 1597 3
991 1537 1010 1604 [
1040 1556 1164 1586 nunc
1187 1554 1243 1586 ea
1270 1540 1434 1586 omnia
1457 1539 1614 1586 inten-

334 1605 506 1654 tiffima
536 1607 647 1654 cura
685 1623 918 1672 apparare
943 1642 957 1664 ,
1005 1624 1108 1669 quae
1135 1606 1194 1654 ad
1215 1607 1317 1655 vim
1340 1604 1610 1657 faciendam

336 1674 763 1741 oppugnandaque
800 1673 946 1722 castra
976 1674 1075 1721 usui
1110 1673 1201 1722 effe
1235 1673 1460 1739 poffent3
1499 1673 1612 1722 nihil
1667 1698 1670 1708 =

336 1745 481 1791 omitt
486 1759 564 1790 ere
601 1742 734 1807 quod
773 1741 870 1790 sive
902 1741 1132 1790 adversus
1167 1741 1387 1802 hostem,
1424 1742 1522 1790 sive
1551 1742 1611 1790 ad
1667 1742 1670 1786 ἓ

331 1810 525 1859 suorum
561 1810 858 1870 ad1uvandas
897 1812 1024 1858 vires
1067 1827 1246 1877 magno
1281 1811 1391 1859 duci
1423 1826 1613 1859 conan-
1668 1819 1670 1823 ⁴

331 1879 449 1928 dum
490 1877 863 1957 faciendumque
900 1876 1058 1927 effer·
1102 1854 1178 1926 &0
1183 1877 1338 1944 ipse
1310 1916 1342 1938 ,
1363 1893 1610 1945 tamquam

331 1949 381 1995 in
406 1947 600 1996 summae
629 1949 697 1994 rei
726 1964 825 2011 Jam
862 1944 1115 1994 discrimen
1146 1961 1408 2005 venturus,
1441 1963 1609 1995 acuere
1666 1967 1670 1969 ’

332 2033 398 2064 m=
390 2016 538 2064 *litum
573 2017 799 2072 animos,
831 2012 1022 2062 firmare
1058 2031 1210 2080 opera
1242 2016 1393 2081 magis
1417 2031 1470 2062 ac
1502 2031 1610 2062 tna-

333 2085 443 2150 gis,
476 2100 739 2148 numquam
760 2082 865 2130 satis
893 2081 1083 2148 provisa
1110 2083 1307 2143 omnia,
1335 2081 1440 2130 satis
1462 2097 1610 2130 tutam

330 2170 396 2201 m
390 2154 669 2216 initamque
688 2153 842 2216 ripam
859 2151 1073 2199 credere.
1097 2149 1319 2199 Tamen
1311 2169 1356 2198 m
1379 2152 1610 2199 acerrimo
1668 2215 1670 2218 ι

332 2221 572 2284 utrimque
609 2219 781 2267 ardore
826 2221 988 2284 quieta
1030 2235 1117 2283 per
1161 2220 1454 2284 aliquantum
1482 2233 1612 2266 tern-

332 2289 516 2354 poris
500 2286 666 2335 stativa
696 2286 866 2335 fuere:
897 2304 985 2334 nec
1008 2304 1237 2402 umqulam
1278 2301 1438 2334 tantos
1468 2302 1611 2335 exer·-

333 2357 453 2406 citus
498 2373 597 2404 tam
631 2357 681 2404 in
719 2355 1048 2420 propinquum
1094 2355 1279 2404 collatis
1316 2352 1473 2403 castris
1512 2369 1610 2402 tam
1667 2367 1670 2375 ·

393 2458 418 2498 6
435 2457 631 2497 Βασεῑιίας
645 2459 659 2511 }
673 2456 852 2498 Laminas
865 2457 939 2497 sse·
1001 2458 1131 2498 vultui
1147 2473 1180 2498 av
1172 2458 1335 2511 ppreffae
1357 2459 1607 2514 antiquorum

329 2521 457 2565 xiles,
474 2534 564 2573 quae
583 2520 805 2572 pendentes
819 2533 840 2559 e
858 2519 938 2560 cas-
1002 2521 1143 2574 galeae.
1166 2520 1238 2559 His
1264 2520 1414 2561 tantum
1430 2521 1607 2564 bucculis

325 2580 409 2622 {ide
430 2613 439 2630 ,
462 2583 610 2621 buccas
623 2581 831 2634 tegebant.
856 2581 938 2621 Ne·
1003 2596 1116 2638 genae
1151 2583 1408 2627 tenebantur.

329 2657 409 2697 que
439 2643 541 2685 enim
564 2643 702 2685 clausae
726 2653 872 2691 erant,
895 2643 937 2686 ὃ(
