1670 3068
283 117 389 184 '334
456 91 719 166 INDEX
766 107 1473 167 SENTENTIARUMa

713 196 920 238 Verborum
940 198 1138 251 fizperbia.

284 269 507 324 Superbiam
525 298 538 315 ,
564 267 772 312 verborum
801 267 1004 320 praesertim
1020 296 1033 313 ‚
1072 269 1239 316 iracundi
1264 274 1427 317 oderunt
1445 302 1456 319 ‚
1477 287 1566 329 pru.

340 324 475 366 dentes
508 325 690 370 irrident,
725 322 855 375 utique
889 320 915 361 fi
948 321 1133 367 inferioris
1170 329 1354 371 adversim
1389 329 1566 382 superio-

289 401 294 408 ·
339 379 497 473 reffvest
520 393 531 418 t
554 376 703 431 capitali
718 374 836 431 poenfi
854 388 970 418 nemo
988 389 1168 433 umquam
1187 381 1337 438 dignam
1354 382 1572 437 iudicavit,

337 434 377 473 X
462 465 470 478 ‚
497 442 565 483 23.
637 445 641 449 ’

842 486 1016 529 Veritas.

282 555 407 600 Multa
427 553 726 596 adsoletveritas
743 558 915 609 praebere
934 558 1095 615 vestigia
1111 562 1163 604 sui
1175 592 1187 615 ,
1204 561 1273 604 XL
1290 593 1303 614 ,
1325 575 1391 617 54.

837 628 1029 676 Vifforia.

284 696 625 795 Necstm³{¹{{>}¹f>{
641 698 903 742 memorabilis
930 714 979 745 ex
1000 704 1134 748 inermi
1149 707 1385 764 proditoque
1411 708 1574 753 vistoria

344 764 367 795 e
414 781 428 798 ,
637 782 649 799 ‚
681 766 744 804 51·

825 809 1036 854 Voluntas.

285 874 428 931 Neque
448 878 623 918 moribus
639 907 652 926 ‚
681 891 807 934 neque
826 880 974 935 legibus
997 880 1109 925 ullius
1134 881 1299 926 civitatis
1331 885 1382 928 ita
1412 899 1575 943 compa.

340 941 465 973 ratum
484 931 537 972 est
559 959 570 975 ‚
591 940 633 972 ut
649 963 658 980 ‚
684 933 708 974 s1
727 935 810 988 quis
829 934 948 977 vellet
967 937 1159 979 inimicum
1184 939 1309 993 perire
1323 972 1335 991 ,
1357 940 1381 983 fi
1402 944 1491 985 nihil
1516 944 1574 986 fe-

338 987 439 1028 cerit
459 997 538 1040 quo
561 985 599 1029 id
620 985 708 1038 fiat,
727 990 859 1044 capitis
881 989 1079 1033 damnetur
1093 1023 1105 1043 ,
1126 991 1233 1036 XLV
1248 1026 1261 1048 ,
1280 1007 1348 1048 24.

779 1058 937 1115 Magnae
953 1062 1079 1106 urbes.

287 1126 451 1171 Urbium
469 1131 689 1186 magnitudo
708 1133 892 1187 capacior
908 1136 1190 1191 patientiorque
1210 1137 1381 1179 omnium
1409 1137 1576 1194 flagitIO-

343 1196 427 1228 rum
447 1185 528 1232 est,
563 1185 752 1230 XXXIX.

839 1241 1002 1300 Vulgus.

288 1306 419 1353 Pravo
454 1310 576 1354 studio
606 1312 744 1371 vulgus
774 1316 918 1371 utitur,
945 1317 1129 1364 deteriori
1155 1329 1269 1377 atque
1294 1321 1491 1367 infirmiori
1522 1322 1577 1367 fa·

345 1364 495 1419 vendi,
524 1366 661 1422 XLII,
693 1371 762 1427 63.
1216 1380 1219 1382 ’

717 1573 1158 1651 ΕΖΝ-18.

539 2636 610 2688 Ex
645 2635 999 2708 Typographia
1034 2636 1074 2687 B
1090 2653 1126 2689 A
1147 2652 1181 2691 R
1198 2653 1226 2688 Β
1246 2652 1282 2689 0
1298 2651 1357 2690 U,
