1670 3068
331 103 684 159 LIBER
783 101 1105 158 XLIII.
1242 119 1357 176 347

62 196 252 250 “quorum
290 198 394 231 ante
430 184 608 232 emerita
645 183 881 248 stipendia
923 196 943 226 1
980 178 1178 246 gratiofiz
1214 183 1557 246 n¹1ff00,0,5533‚

44 252 151 316 ‘fibi
189 248 288 313 viſst
328 249 427 316 fft
455 289 474 310 ‚
518 268 592 298 eos
625 251 791 298 milites
825 249 929 312 fieri
968 247 1186 313 quffuros.
1238 250 1558 304 Hoc21.‹;.169.

61 316 227 373 ‚edicio
257 317 517 383 litterisque
556 317 806 367 censorum
849 331 935 381 per
965 316 1069 363 fora
1102 316 1152 363 ὅ(
1180 318 1354 364 conci·

38 409 43 417 ·
68 385 241 436 liabula
274 384 501 447 dimitiis,
535 400 667 435 tanta
691 383 948 434 multitudo
982 379 1226 446 juniorum
1250 382 1355 433 Ro-

68 470 199 502 mam
233 455 464 503 convenit
491 492 506 513 ,
547 468 598 502 ut
635 455 791 520 gravis
831 451 938 499 urbi
983 451 1122 499 turba
1160 449 1355 502 insolita

37 533 42 540 '
70 519 200 571 esset.
238 520 412 570 Praeter
447 521 686 571 deleEium
718 537 888 570 eorum
918 536 1039 585 quos
1073 521 1119 566 in
1157 518 1354 583 supple-

42 591 288 649 [mentum
320 590 445 637 mitti
477 591 738 655 oportebat
760 627 774 648 ‚
804 603 1013 655 quatuor
1036 605 1062 635 a
1092 584 1154 635 C.
1187 584 1354 651 Sulpi-

67 657 144 705 cio
185 673 390 722 praetore
432 656 612 723 scriptae
654 657 875 723 legiones
924 654 1028 702 sunt
1065 692 1082 712 ,
1128 655 1350 721 intraque

68 723 294 773 undecim
326 726 426 774 dies
462 724 674 774 delefiius
714 723 782 772 est
817 721 1075 790 perfeffiis.

137 792 256 845 XV.
276 791 513 843 Consules
538 791 715 842 deinde
739 791 890 840 sortiti
914 789 1187 856 provincias
1209 789 1345 851 sunt;

68 876 180 908 nam
211 877 442 926 praetores
475 877 679 927 propter
709 858 1084 923 jurisdictionem
1118 860 1350 907 maturius

66 926 218 976 sortiti
256 945 406 978 erant.
459 929 659 978 Urbana
692 926 754 978 C.
793 926 1007 992 Sulpicio
1035 963 1049 986 ‚
1093 929 1349 993 peregrina

67 994 129 1044 C.
160 995 391 1047 Decimio
419 999 676 1065 obtigerat.
712 995 992 1060 Hispaniam
1015 993 1089 1042 M.
1115 992 1349 1044 Claudius

66 1062 326 1114 Marcellus
355 1103 369 1125 ‚
401 1065 607 1114 Siciliam
637 1063 741 1114 Ser.
779 1063 1041 1113 Cornelius
1080 1061 1309 1111 Lent'ulus
1329 1100 1347 1123 ,

67 1129 335 1181 Sardiniam
355 1133 407 1182 P.
427 1134 658 1183 Fonteius
681 1131 860 1198 Capito
877 1169 891 1191 ‚
920 1129 1108 1178 classem
1132 1128 1194 1179 C.
1216 1129 1352 1178 Mar-

69 1201 167 1248 cius
202 1200 390 1268 Figulus
430 1218 531 1251 erat
565 1201 772 1251 sortitus.
805 1197 1072 1249 Consulum
1109 1195 1206 1246 Cn.
1238 1197 1349 1247 Ser-

68 1266 185 1317 §ilio
227 1268 361 1318 ltalia
386 1307 400 1329 ,
445 1269 517 1334 Q.
555 1268 743 1317 Marcio
784 1267 1079 1316 Macedonia
1124 1267 1349 1316 obvenit.

69 1334 343 1403 Latinisque
371 1336 514 1397 aclis,
547 1337 757 1385 Marcius
797 1335 1047 1401 extemplo
1082 1332 1147 1382 est
1180 1333 1348 1400 profe-

69 1401 210 1453 θυεμ
226 1403 464 1471 Caepione
500 1405 675 1454 deinde
708 1404 949 1453 referente
986 1404 1048 1451 ad
1089 1402 1303 1450 senatum
1328 1440 1345 1463 ‚

66 1489 182 1538 quas
207 1490 267 1522 ex
302 1476 442 1523 novis
479 1473 750 1540 legionibus
779 1473 893 1521 (luas
926 1473 1144 1538 legiones
1182 1470 1345 1518 secum

65 1540 114 1587 in
145 1538 359 1589 Galliam
392 1542 590 1591 duceret
614 1579 627 1600 ,
674 1542 935 1591 decrevere
968 1541 1130 1588 Patres
1152 1576 1165 1598 ‚
1200 1555 1250 1587 ut
1278 1538 1346 1588 C.

65 1606 304 1673 Sulpicius
327 1646 341 1669 ‚
367 1609 439 1658 M.
476 1608 707 1659 Claudius
737 1625 969 1674 praetores
991 1645 1006 1667 ‚
1043 1626 1101 1656 ex
1132 1609 1202 1655 his
1225 1625 1344 1673 quas

12 1729 20 1734 ‚
65 1674 344 1741 scripsissent
374 1679 643 1744 legionibus
668 1715 684 1737 ‚
716 1694 829 1743 quas
850 1677 1094 1727 videretur
1115 1714 1128 1735 ,
1163 1676 1346 1725 consuli

65 1743 250 1793 darent.
277 1744 479 1812 Indigne
502 1747 687 1812 patiens
714 1756 973 1810 praetorum
1000 1745 1196 1794 arbitrio
1223 1762 1346 1792 con·-

10 1855 12 1858 .
64 1810 214 1860 sulem
247 1813 509 1878 subjesium
534 1852 548 1875 ‚
584 1812 769 1862 dimisso
806 1813 1004 1874 senatu,
1039 1814 1098 1861 ad
1137 1811 1343 1860 tribunal

62 1890 325 1945 praetorum
356 1881 478 1930 stans
516 1879 776 1947 postulavit
797 1920 812 1943 ‚
851 1900 911 1931 ex
937 1880 1344 1931 senatusconsulto

64 1947 353 1997 destinarent
385 1949 466 1998 fibi
508 1951 622 1998 duas
655 1951 872 2017 legiones
903 1968 917 2010 ;
962 1965 1196 2016 praetores
1221 1967 1347 1998 con—

63 2013 171 2065 sulis
206 2018 255 2064 in
296 2018 521 2085 eligendo
556 2017 800 2066 arbitrium
834 2017 1071 2066 fecerunt.
1110 2017 1341 2067 Senatum

67 2083 244 2133 deinde
270 2087 489 2135 censores
523 2086 743 2153 legerunt
775 2106 787 2134 :
833 2086 907 2134 M.
934 2087 1157 2134 AEmilius
1198 2084 1339 2150 Lepi·
1404 2096 1546 2152 cefff»

64 2151 153 2201 dus
190 2155 415 2219 princeps
448 2155 507 2202 ab
544 2156 692 2203 tertiis
726 2153 822 2216 iam
859 2154 1136 2203 censoribus
1171 2153 1472 2202 lefiusmsz‘us.

67 2217 265 2285 Septem
294 2223 318 2270 ὲ
345 2222 506 2271 senatu
536 2220 674 2286 eje-fii
696 2221 817 2270 sunt.
840 2221 895 2270 In
926 2222 1070 2273 censu
1095 2223 1339 2287 accipien-

71 2287 137 2335 do
175 2290 384 2354 populi,
422 2290 595 2338 milites
633 2307 692 2338 ex
731 2290 1061 2339 Macedonico
1089 2291 1302 2339 exercitu
1327 2327 1345 2350 ‚

73 2357 152 2420 qui
179 2358 323 2421 quam
358 2358 494 2405 multi
522 2357 733 2406 abessent
760 2359 818 2405 ab
849 2357 988 2425 signis
1012 2395 1026 2416 ‚
1059 2357 1221 2407 census
1245 2357 1346 2405 do·—

0 2469 2 2477 ‚
70 2426 166 2471 cuit
184 2461 198 2482 ‚
220 2427 264 2471 in
286 2427 588 2490 provinciam
606 2427 850 2492 cogebant
875 2443 884 2474 :
917 2425 1070 2474 causas
1100 2424 1348 2491 stipendiis

8 2518 12 2522 ·
68 2489 338 2557 [nondum
375 2495 584 2542 emeritis
614 2492 634 2560 ]
676 2492 917 2542 initlorum
957 2493 1347 2559 cognoscebant:

73 2559 126 2607 &
146 2595 162 2618 ‚
193 2557 326 2622 cujus
364 2560 581 2609 nondum
623 2560 741 2626 justa
788 2560 941 2610 miffio
971 2563 1068 2612 visa
1096 2560 1250 2623 esset,
1283 2562 1350 2610 ita

139 2651 159 2681 1
193 2637 416 2700 Gratiose]
443 2641 598 2685 Gratiae
636 2644 724 2685 data
761 2660 841 2687 non
874 2644 967 2700 juri.

956 2701 1081 2770 ij
