1670 3068
378 127 423 184 12
468 143 490 182 1
538 140 572 181 B
619 141 654 181 E
697 141 735 181 R
833 124 893 181 X
928 124 973 181 L
1007 126 1046 181 Ι.
1232 142 1355 200 zm*

68 204 154 258 ffm
175 244 188 267 ‚
222 206 366 274 quam
401 210 489 256 rite
522 204 796 255 sacrificant.
855 204 1020 254 Satiati
1069 204 1203 253 caede
1242 210 1340 254 ani·
1365 218 1552 267 (χαψε,

68 277 299 326 maurium
330 313 345 335 ‚
382 292 504 342 ¹quae
550 276 761 323 inanima
793 288 927 321 erant
955 311 972 331 ,
1019 288 1039 319 1
1079 274 1341 338 parietibus
1365 276 1552 323 λζ’-176·

67 342 307 410 affligunt,
330 359 358 392 2
380 343 490 392 vasa
508 344 667 391 omnis
690 342 880 409 generis
899 340 997 389 usui
1020 342 1171 406 magis
1195 341 1343 407 quam

67 427 355 462 ornamento
391 413 438 459 in
466 411 678 478 speciem
715 408 851 458 faeta.
885 407 959 474 Q.
982 407 1191 457 Petillius
1222 427 1343 457 con-

63 478 162 539 sul,
193 496 253 527 ne
289 478 481 529 absente
522 479 568 528 se
605 478 925 528 debellaretur
948 514 962 536 ‚
994 476 1172 525 litteras
1198 477 1258 524 ad
1281 476 1344 527 C.

66 545 325 608 Claudium
351 546 473 596 mifit
495 584 509 607 ,
539 561 590 596 ut
621 563 730 595 cum
757 548 969 594 exercitu
997 545 1055 593 acl
1085 544 1129 593 se
1154 547 1201 592 in
1223 543 1343 592 Gal-

61 614 174 664 li'am
205 617 395 664 veniret
436 632 446 662 :
480 614 661 680 campis
685 613 863 662 Macris
884 612 929 662 se
953 631 1063 662 eum
1097 612 1343 678 exspet‘ta-

62 696 235 732 turum.
272 682 463 733 Litteris
493 683 706 748 acceptis
741 680 973 730 Claudius
997 699 1054 728 ex
1087 680 1340 747 Liguribus

63 749 209 800 castra
233 753 387 800 movit
412 787 426 811 ,
455 752 818 816 exercitumque
839 749 900 797 ad
924 766 1122 815 campos
1144 749 1341 797 Macros

64 816 241 884 eo'nsuli
272 817 482 869 tradidit.
514 817 705 867 Eodem
739 818 900 884 paucis
933 815 1040 883 post
1071 817 1240 866 diebus
1277 816 1339 867 C.

64 884 285 936 Valerius
319 886 482 937 consul
513 888 632 936 alter
666 890 820 935 venit.
862 884 937 933 Ibi
961 883 1119 933 divifis
1155 886 1339 951 copiis,

62 953 332 1022 priusquam
369 955 733 1023 digrederentur
771 991 788 1014 .‚
833 955 1159 1003 communiter
1191 955 1342 1003 ambo

65 1025 298 1072 exercitus
331 1022 686 1084 lustraverunt;
725 1036 828 1071 tum
871 1022 1054 1081 sortiti,
1086 1025 1195 1087 quia
1239 1040 1341 1072 non

65 1091 125 1140 ab
149 1092 319 1141 eadem
350 1106 606 1159 utrumque
635 1105 773 1158 parte
802 1090 999 1157 aggredi
1025 1089 1209 1138 hostem
1241 1091 1344 1156 pla-

60 1159 197 1208 cebat
217 1197 232 1219 ‚
257 1161 482 1227 regiones
500 1178 614 1227 quas
632 1174 878 1225 peterent.
909 1157 1160 1206 Valerium
1180 1160 1342 1224 auspi-

22 1236 30 1241 “
63 1227 169 1275 cato
189 1226 405 1277 sortitum
430 1227 677 1278 constabat
693 1264 709 1289 ,
728 1227 859 1293 quod
878 1228 926 1274 in
948 1227 1136 1291 templo
1158 1225 1310 1276 fuiffet
1326 1244 1356 1276 ε»
1400 1280 1403 1283 ,

61 1296 111 1344 in
141 1294 327 1345 Petillio
364 1297 414 1345 id
457 1299 579 1346 vitio
610 1295 784 1344 faflum
812 1293 982 1361 postea
1012 1312 1211 1361 augures
1244 1294 1344 1345 res·-

61 1363 334 1429 ponderunt
357 1402 373 1427 ,
412 1379 435 1430 3
475 1365 609 1431 quod
640 1379 775 1412 extra
806 1363 1046 1429 templum
1079 1363 1256 1412 sortem
1293 1366 1358 1411 in-

63 1429 262 1480 fitellam
294 1435 342 1481 in
380 1434 618 1499 templum
653 1433 797 1481 latam
838 1430 955 1480 foris
989 1429 1086 1496 ipse
1120 1432 1363 1496 posuerit.·

63 1497 267 1550 Profeffi
287 1500 401 1550 inde
433 1502 482 1549 in
505 1500 714 1552 diversas
745 1501 987 1568 regione&
1016 1498 1225 1548 Petillius
1249 1500 1351 1549 ad·-

128 1637 147 1664 1
185 1623 409 1666 Parietibus
438 1624 619 1683 affligunt
646 1624 680 1678 ]

61 1685 108 1728 In
137 1687 313 1741 parietes
346 1688 587 1743 impingunt.

125 1746 316 1803 2Vasa...
331 1747 414 1803 usui
425 1750 544 1806 magis
558 1748 670 1804 qucim

63 1822 291 1851 ornamento
304 1811 343 1850 in
355 1809 521 1866 speciem
531 1810 685 1865 fasta]

62 1870 184 1913 Tolle
213 1886 357 1913 vocem
386 1886 613 1915 ornamento
650 1900 665 1919 ‚

62 1946 148 1987 quae
164 1933 323 1975 videtur
342 1934 363 1976 ὲ
380 1935 553 1990 margine
567 1964 580 1982 ,
602 1934 669 1975 ubi

64 1994 193 2040 addita
223 2005 310 2036 erat
353 1997 668 2050 interpretandis

63 2055 317 2110 sequentibus
345 2059 476 2100 verbis
502 2063 543 2099 in
573 2056 667 2113 spe·

63 2117 181 2169 ciem,
203 2119 241 2172 in
274 2130 429 2160 textum
461 2119 667 2174 irrepfiffe.

67 2176 173 2232 Vasa
199 2180 238 2221 in
261 2178 430 2237 speciem
450 2180 554 2236 fasta
583 2182 670 2223 sunt

65 2242 154 2281 vasa
173 2256 259 2295 quae
277 2244 326 2282 ad
343 2243 516 2298 speciem
537 2245 578 2285 ὅ(
607 2244 682 2285 ‹li--

64 2303 254 2356 gnitatem
275 2332 285 2351 ,
310 2305 357 2344 ad
380 2305 572 2346 decorem
600 2307 668 2345 ad-

62 2364 213 2417 spedlfis
250 2377 545 2419 comparantur.

127 2435 147 2477 3
185 2424 305 2483 Quod
339 2439 453 2467 extra
485 2428 668 2483 templum

58 2481 237 2540 sortem]
260 2487 358 2528 Haec
380 2489 591 2529 admodum
610 2490 669 2529 in-

65 2547 203 2588 tricata
231 2549 342 2597 sunt,
368 2550 405 2590 ὃ(
431 2551 577 2591 habent
597 2552 668 2591 ali-

67 2608 158 2660 quid
184 2612 326 2662 procul
359 2611 478 2651 dubio
509 2623 576 2652 aut
604 2613 669 2652 vi-

68 2668 233 2720 ῐὶᾱειιετι,
254 2683 320 2714 aut
348 2674 458 2715 certe
477 2675 690 2719 luxatum„

731 1624 961 1672 Attamen,
1014 1624 1152 1664 donec
1199 1625 1359 1665 melius·

732 1687 825 1740 quid
873 1685 1067 1726 afferatur
1096 1713 1106 1732 ‚
1160 1686 1344 1727 videmur

732 1758 954 1802 utcumque
993 1748 1197 1801 explicare
1234 1749 1346 1800 poste

733 1809 772 1850 in
789 1810 895 1851 hunc
917 1810 1080 1849 modum
1102 1824 1115 1856 3
1135 1810 1242 1864 quod
1263 1811 1347 1862 ipsc

735 1884 848 1912 extra
911 1872 1104 1926 templum
1164 1872 1361 1926 posuerit·

733 1934 880 1973 sortem
928 1933 968 1973 in
1033 1931 1157 1974 suella
1193 1960 1206 1983 ‚
1254 1948 1344 1989 quae

734 1995 893 2049 quidem
931 1993 1056 2035 suella
1101 1994 1236 2049 postea
1272 1994 1345 2048 fhe

733 2059 815 2106 ris,
845 2057 883 2097 id
931 2055 986 2096 est
1008 2084 1019 2103 ‚
1050 2069 1100 2096 ex
1140 2058 1235 2097 loco
1277 2057 1363 2112 qui-

734 2130 848 2159 fxtra
895 2119 1092 2172 templum
1124 2117 1222 2159 effer.
1253 2146 1265 2168 ,
1303 2121 1361 2158 in-

732 2182 926 2234 templum
946 2181 1025 2220 lata
1049 2179 1120 2221 est.
1142 2179 1256 2220 Poris
1272 2181 1346 2220 ali-

733 2244 894 2296 quando
921 2242 1089 2282 denotat
1130 2242 1362 2283 terminum⁴

732 2304 840 2344 unde
880 2303 1029 2359 aliquid
1076 2302 1364 2356 proficiscitur·

733 2377 802 2406 aut
838 2366 1016 2406 sumitur.
1055 2365 1122 2405 Sic
1143 2363 1250 2418 foris
1273 2363 1361 2419 suo-

731 2442 832 2468 mere
849 2427 1131 2482 ‚forispetere.
1148 2425 1344 2468 Ceterum
1360 2441 1364 2457 ἰ

733 2490 914 2545 templum
942 2489 1008 2529 hic
1038 2488 1364 2542 intelligendum·=

732 2552 786 2591 est
805 2553 919 2593 locus
936 2550 1109 2606 auguriis
1133 2548 1365 2591 consecra-‘-

733 2623 812 2655 tus.

960 2729 1089 2798 1²-le
