1670 3068
908 55 957 85 θ’

262 337 1244 421 SENTENTIAE

479 493 538 547 E
573 492 726 549 Livio
767 510 1038 565 excerptae.

668 604 862 647 Ambitio,

117 679 228 723 Ultro
245 678 353 720 nimis
372 678 467 731 saepe
487 689 555 732 per
573 677 824 719 ambitionem
844 684 1042 728 peccatur.
1062 674 1169 730 Quid
1183 704 1195 727 ,
1210 673 1237 717 st
1252 674 1396 719 domini

172 734 308 776 milites
328 732 616 785 imperatoribus
640 730 915 786 imponantur?
937 729 1070 775 XLV,
1092 731 1158 783 36.

115 788 254 833 Multae
272 787 481 830 ambitione
500 789 771 840 imperatorum
797 784 930 827 clades
957 796 1126 838 acceptae
1144 785 1251 827 sunt:
1271 784 1397 829 multae

171 843 371 886 severitate
389 843 536 895 imperii
555 842 722 884 victoriae
740 849 856 894 partae
874 837 1004 884 ‚XLV
1021 870 1034 891 ,
1055 850 1123 892 37.

666 913 856 967 Antiqua.

116 983 292 1081 Veffglffs
312 997 371 1027 res
390 985 566 1029 scribenti
587 984 717 1027 nescio
736 995 818 1037 quo
837 981 951 1037 pasto
968 982 1141 1035 antiquus
1159 980 1201 1023 fit
1219 982 1364 1025 animus
1381 1008 1397 1029 ,

295 1067 309 1086 ,
333 1051 396 1092 13.

639 1093 879 1136 Αιιέὶονὶεας.

115 1164 252 1220 Longo
273 1176 448 1221 tempore
470 1167 666 1222 multisque
690 1164 833 1207 meritis
853 1172 1003 1217 paratur
1030 1162 1251 1212 auctoritas,
1268 1160 1396 1212 XLII,

118 1233 487 1371 Qtrlizefftis}{:{xlzent
504 1306 515 1325 ‚
536 1274 802 1318 auetoritatem
818 1271 1033 1315 immodico
1053 1271 1189 1314 favore
1215 1282 1398 1315 corrum-

173 1338 289 1384 punt,
426 1362 437 1381 ,
462 1341 530 1382 30.

635 1385 831 1427 Audacia.

118 1452 313 1496 Audaster
336 1455 572 1496 commissum
588 1486 598 1504 ,
622 1455 805 1510 pertinaci
825 1453 984 1496 audacia
1001 1486 1013 1506 ,
1030 1467 1114 1510 quae
1144 1453 1309 1508 prudens
1334 1452 1397 1494 ine-2

173 1508 322 1551 terdum
344 1509 379 1550 in
398 1512 501 1552 exitu
517 1510 570 1552 est
587 1539 599 1560 ,
620 1511 771 1564 corrige
787 1538 800 1555 ,
821 1508 972 1554 XLIV,
991 1521 1035 1560 4.

649 1581 878 1635 Benefafla.

119 1650 296 1696 Priorum
315 1651 602 1693 benefactorum
627 1652 896 1696 cumulussshoc
917 1652 1025 1707 quod
1051 1651 1186 1706 postea
1219 1649 1399 1693 cessatum

177 1707 216 1747 in
235 1705 366 1748 officio
386 1705 440 1749 est
457 1708 607 1762 expleat
625 1739 636 1760 ,
659 1707 766 1761 XLV
783 1735 796 1753 ,
818 1721 886 1758 24.

638 1780 892 1836 Beneficium.

120 1850 318 1895 Beneficia
335 1853 494 1906 gratuita
517 1853 582 1894 sint
600 1866 610 1892 ε
631 1853 791 1906 pretium
808 1863 944 1894 eorum
974 1852 1108 1894 melius
1134 1852 1351 1906 relinquitur
1367 1850 1406 1892 in.

177 1907 447 1960 accipientium
468 1907 599 1950 animis
615 1937 626 1958 ,
651 1907 763 1962 quum
781 1906 940 1961 praesens
962 1907 1141 1961 exigitur,
1162 1905 1290 1956 XLV,
1310 1919 1382 1957 42.

678 1980 710 2019 C
710 1979 824 2030 astra.

126 2044 260 2093 Castra
287 2049 367 2090 sunt
385 2049 521 2091 viciori
542 2049 857 2105 receptaculum,
874 2049 978 2092 victo
996 2048 1256 2105 perfugium...
1281 2047 1406 2089 Patria

181 2102 297 2145 altera
316 2103 369 2145 est
386 2104 552 2146 militaris
575 2108 654 2148 haec
683 2105 788 2147 sedes
806 2135 816 2152 ,
839 2104 1061 2159 vallumque
1087 2117 1158 2158 pro
1180 2102 1372 2145 moenibus
1393 2132 1406 2152 ,

182 2158 225 2206 δε
246 2158 451 2199 tentorium
469 2159 574 2201 suum
591 2162 731 2215 cuique
751 2159 860 2201 militi
885 2158 1026 2201 domus
1054 2172 1099 2203 ac
1120 2169 1278 2214 penates
1295 2158 1377 2199 sunt
1391 2189 1404 2208 2

183 2210 312 2256 XLIV
331 2243 342 2263 ‚
364 2224 432 2266 39·
1182 2240 1190 2247 .

667 2268 890 2322 Consilium.

129 2331 173 2380 In
191 2348 348 2382 ornnem
365 2349 547 2383 eventum
566 2340 720 2385 consilia
737 2339 1083 2384 accommodentur
1097 2371 1108 2392 ,
1127 2338 1195 2382 XL
1211 2366 1225 2386 ‚
1248 2343 1317 2392 57.

635 2415 905 2455 continuatio.

129 2463 357 2521 Interrumpi
375 2476 550 2510 tenorem
568 2481 694 2510 rerum
709 2496 721 2513 ‚
742 2470 778 2509 in
799 2467 935 2522 quibus
962 2467 1186 2522 peragendis
1205 2463 1409 2509 continua-

183 2522 238 2563 tio
260 2521 336 2576 ipsa
352 2522 598 2565 efficaciffima
616 2522 670 2565 est
683 2555 694 2573 ,
716 2522 869 2563 minime
889 2524 1102 2574 convenit,
1120 2519 1228 2572 XLI,
1254 2532 1318 2572 15.

673 2580 916 2618 Convivium.

132 2627 313 2673 Diffitare
332 2630 481 2673 solebat
498 2632 674 2674 AEmilius
694 2632 827 2673 Paulus
840 2660 852 2677 ,
871 2632 911 2672 &
929 2630 1347 2673 conviviuminstruere
1366 2629 1407 2669 Sc

186 2682 300 2726 ludos
311 2698 443 2739 parare
458 2685 623 2739 ejusdem
639 2687 709 2729 effe
725 2687 950 2740 quivincere
965 2685 1066 2729 bello
1078 2683 1329 2736 sciret,XLV‚
1342 2696 1409 2736 32.

696 2743 749 2780 Co
777 2757 863 2782 rcus.

139 2792 201 2835 Co
231 2805 299 2835 uus
319 2825 330 2844 ,
351 2793 567 2890 Igssiffimum
592 2758 773 2851 antiquisq
785 2795 1012 2849 mancipium
1033 2826 1043 2844 ‚
1073 2792 1173 2848 apud
1202 2791 1415 2836 luxuriosos

236 2863 314 2893 0771,
411 2881 422 2893 ,
1113 2850 1145 2888 'L
