1670 3068
360 119 481 177 430
646 102 700 159 T
745 117 765 157 1
808 119 849 158 T
895 118 916 158 1
1018 103 1063 159 L
1107 119 1128 158 1
1175 119 1219 158 v
1264 118 1284 157 1
1331 118 1353 157 1

154 197 203 237 U
212 207 231 237 ς
256 195 326 246 584
333 182 571 248 fizc‘luros.
604 181 757 231 Simul
789 184 948 232 elevat
979 181 1159 230 famam
1189 183 1328 230 adve
1326 181 1396 229 ·sce
1424 197 1634 248 pugnae·
1620 220 1636 243 ‚
1664 222 1666 225 .

153 250 456 315 ὓ·υ-163·9ιιεε
475 251 524 314 si
549 269 654 299 vera
679 250 833 317 foret,
868 252 1012 298 alium
1035 249 1173 315 ficpcr
1199 251 1344 297 alium
1372 264 1559 298 recentes
1579 269 1634 298 ex

349 317 471 385 fuga
500 333 711 368 venturos
735 316 891 383 suff.
928 316 1021 365 Per
1058 318 1179 364 hanc
1225 316 1409 364 causam
1443 314 1640 365 Thraci·

360 385 449 434 bus
485 387 753 452 ablegatis,
785 384 919 433 simul
954 383 1255 452 transgressos
1291 401 1378 434 eos
1407 383 1639 451 Strymo-

363 472 477 503 nem
506 454 660 512 vidit,
688 467 856 518 portas
888 451 1066 500 claufit.

184 533 350 590 Pet-,esus
431 520 589 570 XLV.
621 520 796 569 Tertio
824 520 900 569 die
929 518 1160 580 Perseus,
1197 519 1340 586 quam
1371 533 1638 587 pugnatum

155 600 348 638 εαάιιεεα-
366 603 505 648 erat,
540 588 883 654 Amphipolim
917 590 1087 646 venit3
1118 588 1232 636 inde
1274 603 1490 637 oratores
1529 605 1639 638 cum

151 674 206 699 t>
202 659 352 698 emi-t
366 657 579 705 caduceo
624 657 686 704 ad
735 655 950 704 Paullum
993 655 1134 704 misit.
1182 654 1380 704 Interim
1433 656 1639 734 Hippias

155 722 206 760 tic
236 723 289 760 ad
366 724 419 773 &
459 723 585 773 Milo
625 725 676 773 &
725 723 1058 785 Pantauchus,
1093 725 1331 790 principes
1372 725 1637 774 amicorum

154 779 246 836 ‘'Os-
359 795 485 907 repis
511 829 526 852 ‚
575 791 833 853 Beroeam,
871 793 968 858 quo
1015 810 1074 840 ex
1123 794 1222 840 acie
1267 791 1587 858 confugerant
1619 829 1636 852 ,

357 861 407 926 ip
431 880 445 908 1
475 860 536 909 ad
569 859 814 909 consulem
849 859 1054 926 profecti
1082 898 1096 920 ‚
1136 859 1369 908 Romanis
1407 861 1589 909 dedunt
1622 878 1635 910 :

355 928 451 976 hoc
482 928 612 976 idem
643 928 692 976 ὅ(
720 929 821 976 aliae
856 928 1085 992 deinceps
1106 943 1239 976 metu
1261 928 1485 993 perculsae
1516 930 1636 976 civi-

355 1010 480 1044 tates
512 996 742 1060 parabant
776 995 953 1045 facere.
996 994 1179 1045 Consul
1215 996 1387 1044 nuntiis
1418 995 1632 1046 victoriae

354 1062 428 1128 Q.
460 1062 611 1113 Fabio
646 1063 780 1124 filio,
813 1064 864 1112 &
890 1063 943 1112 L.
968 1063 1175 1113 Lentulo
1197 1101 1210 1122 ‚
1243 1064 1296 1112 &
1316 1063 1396 1137 Ω
1425 1064 1654 1122 Metello.

356 1147 466 1179 cum
494 1132 661 1181 litteris
688 1131 901 1181 Romam
931 1131 1109 1190 miffis,
1139 1131 1287 1197 spolia
1316 1133 1512 1195 ]acentis
1538 1132 1634 1180 ho-

353 1199 493 1247 stium
531 1199 767 1249 exercitus
805 1201 1048 1278 peditibus
1080 1198 1354 1248 concessit·
1343 1237 1357 1259 ‚
1398 1201 1634 1266 equitibus

354 1268 569 1332 praedam
590 1265 878 1331 circumjeffi
899 1271 1031 1334 agri,
1057 1268 1170 1315 dum
1201 1285 1260 1316 ne
1285 1269 1489 1333 amplius
1519 1268 1634 1316 dua-

352 1336 443 1385 bus
464 1335 681 1385 noffibus
699 1355 723 1384 a
741 1335 896 1384 castris
917 1335 1143 1384 abessent.
1160 1335 1263 1401 Ipse
1282 1337 1480 1420 propius
1499 1353 1633 1385 mare

355 1406 418 1452 ad
436 1403 660 1470 Pydnam
686 1403 829 1451 castra
852 1406 1025 1453 movit.
1053 1403 1225 1453 Beroea
1258 1406 1501 1468 primum,
1539 1404 1634 1453 de-

353 1473 470 1521 inde
488 1471 825 1522 Thessalonica
847 1511 861 1532 ,
904 1473 954 1521 ὃ(
981 1471 1146 1531 Pella,
1183 1471 1233 1520 &
1266 1471 1494 1538 deinceps
1522 1488 1631 1519 om-

214 1544 319 1585 Tota
355 1541 428 1588 nis
470 1540 627 1590 ferme
686 1540 983 1589 Macedonia
1031 1543 1151 1588 intra
1196 1539 1399 1588 biduum
1455 1539 1634 1590 dedita.

150 1606 342 1646 Macedo·
356 1607 430 1674 Py
438 1608 594 1671 dnaei,
617 1610 697 1675 qui
726 1610 932 1674 proximi
954 1623 1123 1667 erant,
1156 1608 1377 1656 nondum
1409 1607 1633 1658 miserant

146 1671 215 1741 ’ῑξα
249 1670 311 1707 de·
354 1677 569 1744 legatos.
593 1677 850 1725 multitudo
871 1677 1117 1726 incondita
1137 1677 1343 1754 plurium
1365 1674 1499 1724 fimul
1517 1693 1633 1743 gen-

146 1733 250 1773 d‘ta·
353 1747 473 1794 tium
498 1746 773 1811 ‚turbaque
806 1762 952 1811 quae,
986 1762 1046 1794 ex
1083 1747 1218 1802 acie,
1251 1744 1365 1810 fuga
1403 1745 1452 1791 in
1482 1761 1630 1793 unum

353 1813 598 1879 compulsa
621 1829 721 1862 erat
738 1851 751 1872 ‚
781 1812 1027 1862 confilium
1050 1814 1099 1860 &
1123 1811 1403 1861 consensum
1430 1813 1633 1862 civitatis

353 1882 684 1947 impediebat:
709 1897 799 1929 nec
827 1881 991 1930 clausae
1009 1881 1159 1929 modo
1184 1896 1334 1946 porrae
1352 1918 1367 1940 ‚
1390 1880 1470 1928 sed
1488 1883 1631 1929 etiam
1669 1897 1670 1918 l

356 1949 652 1998 inaedificatae
675 1965 826 1999 erant.
858 1948 983 1997 Miffi
1007 1949 1132 1998 Milo
1155 1949 1204 1997 &
1225 1948 1523 1997 Pantauchus
1546 1947 1628 1998 sub

355 2035 521 2067 muros
564 2018 624 2066 ad
658 2019 958 2083 colloquium
1003 2016 1195 2066 Solonis
1227 2055 1240 2077 ‚
1292 2018 1371 2082 qui
1410 2015 1628 2082 praesidio

356 2100 561 2151 praeerat
596 2103 606 2132 :
659 2103 745 2150 per
782 2103 895 2134 eum
933 2087 1163 2135 emittitur
1202 2085 1416 2133 militaris
1455 2086 1627 2144 turba;

357 2154 594 2219 oppidum
621 2153 835 2202 deditum
870 2153 1095 2202 militibus
1121 2153 1257 2202 datur
1295 2153 1630 2217 diripiendum.

208 2220 553 2289 perffiPerseus
592 2239 684 2269 una
715 2223 902 2270 tantum
932 2221 981 2287 sp
988 2239 1012 2270 e
1043 2221 1323 2270 Bisaltarum
1346 2221 1503 2269 auxilii
1524 2237 1630 2270 ten-

147 2304 329 2358 mzseran·
357 2291 489 2350 tata,
529 2289 588 2338 ad
617 2307 739 2354 quos
771 2291 1091 2355 nequicquam
1117 2289 1305 2338 miserat
1327 2288 1551 2355 legatos,
1580 2289 1627 2336 in

148 2369 199 2406 da
215 2365 318 2422 sors.
356 2360 650 2408 concionem
681 2356 939 2423 processit,
974 2359 1246 2423 Philippum
1279 2357 1438 2406 secum
1477 2355 1626 2405 filium

353 2428 574 2476 habens:
602 2441 652 2474 ut
683 2425 730 2473 &
763 2425 887 2491 ipsos
920 2425 1384 2491 Amphipolita005‚
1415 2425 1467 2474 ὃ(
1492 2426 1627 2490 equi-

351 2510 453 2544 tum
481 2495 697 2560 peditum
705 2511 830 2559 (mue
865 2496 944 2560 qui
974 2508 1053 2542 aut
1081 2494 1268 2559 semper
1303 2493 1521 2556 sequuti,
1549 2505 1626 2541 aut

349 2563 464 2630 fuga
502 2562 677 2611 eodem
714 2562 857 2610 delati
888 2579 1023 2610 erant
1049 2600 1062 2621 ‚
1104 2562 1407 2610 adhortando
1438 2562 1623 2608 animos

349 2630 675 2682 confirmaret.
709 2630 804 2681 Sed
837 2630 1091 2698 aliquoties
1124 2630 1287 2681 dicere
1308 2631 1624 2696 incipientem
