1670 3068
335 119 452 176 344
617 97 672 161 T
716 120 738 160 1
784 122 823 162 τ
868 121 890 161 1
976 107 1021 162 L
1068 123 1090 162 1
1136 123 1179 162 v
1225 123 1246 163 1
1292 123 1314 162 1
1599 178 1603 180 ῃ

126 187 297 239 U.c.583
334 181 449 230 duas
481 182 702 250 legiones
736 184 992 246 scriberet,
1027 204 1131 252 quae
1168 188 1311 252 quina
1345 185 1489 236 millia
1522 204 1613 254 pe-

125 254 162 284 ‘⁶³⁶-
175 241 318 296 (2169.
336 249 488 298 ditum
518 253 568 301 &
597 253 811 302 ducenos
838 253 1074 302 haberent
1101 291 1114 312 ‚
1150 257 1336 320 equites
1373 254 1629 308 treceno's‘:

337 317 621 370 Latinorum
655 319 806 383 major
842 320 984 385 quarn
1025 322 1224 388 collegae
1260 323 1482 371 decretus
1519 318 1618 372 nu-'

336 403 534 442 merus:
581 389 797 454 peditum
853 389 1023 437 decem
1065 390 1209 437 millia
1239 427 1252 448 ‚
1307 390 1360 438 &
1409 389 1616 454 sexcenti

337 457 524 520 equites
547 474 559 515 3
589 470 792 521 quatuor
813 471 1047 521 praeterea
1075 457 1290 524 legiones
1308 457 1442 506 scribi
1464 456 1615 520 iussae,

337 539 475 588 quae,
505 522 536 570 si
569 524 665 588 quo
703 538 824 589 opus
867 522 980 572 esset
1012 562 1026 585 ‚
1068 526 1404 574 educerentur.
1445 524 1623 575 Tribu-

338 607 431 638 nos
465 593 519 638 iis
567 609 665 640 non
705 591 977 656 permissum
1020 606 1070 641 ut
1111 593 1326 642 consules
1364 593 1618 642 facerent:

337 659 546 724 populus
576 662 772 708 creavit.
830 658 981 709 Sociis
1013 662 1221 709 nominis
1268 661 1421 710 Latini
1453 661 1629 723 sexdess

339 727 433 773 cim
465 727 612 775 millia
640 727 859 793 peditum
886 765 899 787 ,
940 728 990 776 ὅ(
1016 730 1145 777 mille
1169 731 1354 794 equites
1386 729 1625 795 imperati-²·

339 792 484 842 Hunc
521 798 787 844 exercitum
813 797 965 861 parari
993 799 1178 845 tanturn
1210 797 1418 862 placuit,
1449 811 1500 845 ut
1522 798 1625 845 exi-

338 876 415 910 ret
449 864 479 910 s1
521 864 619 929 quo
660 881 733 912 res
787 863 1025 929 posceret.
1081 864 1377 913 Macedonia
1414 864 1635 914 maxime

343 946 504 978 curam
533 931 797 995 praebebat.
832 931 883 979 In
915 931 1103 980 classem
1132 933 1263 981 mille
1291 932 1403 980 socii
1431 934 1626 982 navales
1669 968 1670 978 i

343 999 478 1047 cives
512 998 723 1047 Romani
760 1000 969 1048 libertini
1004 1001 1184 1048 ordinis
1228 1018 1285 1048 ex
1323 999 1456 1049 Italia
1489 999 1626 1049 scribi

339 1063 478 1131 juffi3
515 1068 725 1116 totidem
757 1083 806 1115 ut
839 1085 898 1116 ex
934 1067 1090 1116 Sicilia
1125 1068 1441 1117 scriberentur
1472 1085 1483 1115 :
1525 1068 1575 1117 &
1605 1105 1626 1127 ,

342 1136 419 1183 cui
453 1151 509 1182 ea
548 1137 798 1201 provincia
831 1134 1099 1196 evenisset,
1133 1136 1446 1196 mandatum,
1471 1152 1521 1185 ut
1542 1153 1628 1186 eos

340 1204 388 1250 in
425 1201 770 1252 Macedoniam
792 1242 805 1263 ‚
842 1205 1132 1270 ubicumque
1167 1202 1314 1252 claffis
1345 1203 1460 1253 esset
1484 1242 1498 1263 ‚
1531 1204 1630 1253 dea

341 1272 612 1336 portandos
639 1286 840 1320 curaret.
873 1271 926 1320 In
951 1272 1229 1338 Hispaniam
1253 1273 1341 1320 tria
1364 1272 1508 1320 millia
1539 1289 1639 1337 pe-·

345 1339 499 1387 ditum
527 1339 868 1388 Romanorum
891 1342 937 1387 in
963 1339 1354 1406 supplementum
1377 1379 1392 1400 ,
1428 1336 1634 1390 trecenti

345 1409 535 1473 equites
569 1408 767 1457 decreti.
802 1408 984 1457 finitus
1016 1411 1082 1456 ibi
1108 1425 1305 1475 quoque
1337 1410 1383 1456 in
1414 1408 1632 1475 legiones

347 1477 556 1525 militum
579 1493 805 1525 numerus
831 1514 845 1537 ,
881 1478 1101 1541 peditum
1134 1478 1279 1542 quina
1308 1476 1453 1525 millia
1481 1513 1496 1537 ‚
1527 1491 1634 1525 tre-

348 1546 479 1593 centi
521 1545 574 1594 &
612 1546 806 1610 triginta
855 1547 1057 1611 equites.
1108 1543 1167 1592 Et
1208 1543 1347 1593 sociis
1393 1546 1650 1610 imperare-

348 1627 529 1678 praetor
545 1651 558 1673 ‚
586 1615 659 1661 cui
681 1613 908 1678 Hispania
931 1612 1200 1662 obvenisset
1217 1650 1232 1674 ,
1266 1610 1407 1676 jussus
1428 1628 1634 1679 quatuor

348 1682 497 1729 millia
521 1681 738 1745 peditum
763 1719 776 1740 ,
815 1680 867 1729 ὃ(
893 1696 1137 1731 trecentos
1158 1683 1363 1746 equites,
1640 1680 1642 1682 ’

420 1747 556 1798 XIII.
580 1748 696 1798 Non
720 1749 818 1797 sum
841 1749 1021 1799 nescius
1043 1788 1057 1812 ‚
1097 1749 1155 1797 ab
1176 1749 1349 1798 eadem
1381 1749 1638 1816 negligen-

349 1817 414 1865 tia
452 1817 545 1884 qua
580 1818 699 1865 nihil
735 1817 856 1865 deos
889 1818 1184 1883 portendere
1207 1818 1359 1883 vulgo
1378 1835 1504 1866 nunc
1527 1834 1634 1866 cre·

351 1885 503 1945 dant,
544 1903 703 1951 neque
737 1886 942 1933 nuntiari
976 1902 996 1951 3
1037 1886 1304 1934 admodum
1335 1885 1430 1932 ulla
1471 1885 1638 1951 prodi-

353 1955 429 2020 gia
455 1954 502 2001 in
523 1954 772 2019 publicum
793 1992 807 2014 ‚
841 1971 999 2019 neque
1020 1956 1067 2002 in
1098 1954 1292 2002 annales
1322 1952 1519 2012 referri3
1548 1970 1638 2002 ce-

351 2036 512 2070 terum
550 2022 603 2071 c&
635 2022 788 2080 mihi,
825 2022 1035 2070 vetustas
1078 2039 1152 2071 res
1190 2021 1443 2080 scribenti,
1477 2021 1637 2070 nescio

353 2107 450 2156 quo
486 2089 626 2155 pa&0
659 2091 880 2156 antiquus
904 2088 953 2138 fit
983 2090 1167 2138 animus
1199 2108 1208 2138 :
1250 2107 1282 2149 4
1325 2090 1376 2138 ὃ(
1416 2089 1637 2154 quaedam¹

351 2159 524 2223 religio
550 2173 684 2207 tenet
704 2196 718 2218 ‚
754 2176 860 2224 quae
893 2159 959 2206 illi
995 2157 1349 2224 prudentissimi
1368 2159 1458 2205 viri
1483 2158 1640 2222 publi-

352 2227 406 2276 ce
432 2225 724 2293 suscipienda
750 2224 1017 2276 censuerint
1044 2265 1058 2288 ,
1092 2244 1148 2277 ea
1182 2244 1273 2294 pro
1310 2225 1464 2292 dignis
1488 2225 1640 2275 habe-

413 2350 436 2392 3
462 2339 708 2392 Admodum]
740 2338 859 2380 Fer'e.
1027 2339 1252 2381 aversamur
1272 2353 1388 2393 ,quae
1412 2338 1546 2380 facere
1568 2350 1638 2380 aut

411 2414 443 2452 4
462 2401 519 2441 Et
538 2402 708 2456 quaedam
734 2401 874 2456 religio
903 2414 963 2441 te·
1028 2400 1116 2441 fieri
1136 2402 1323 2441 nolumus
1341 2429 1351 2447 ‚
1383 2414 1462 2440 non
1481 2415 1526 2440 ea
1548 2416 1637 2455 quae
1663 2428 1666 2429 ν

353 2476 472 2503 net...
505 2478 578 2517 pro
620 2463 748 2518 dignis
784 2461 961 2516 hahere]
1029 2474 1314 2517 praeoptamus.
1348 2462 1412 2501 Sic
1443 2464 1469 2503 l.
1493 2464 1562 2508 V,
1599 2477 1638 2503 c.

353 2525 532 2565 Videtur
553 2525 769 2578 legendum
791 2524 867 2564 effe
891 2538 966 2577 po⁴
1033 2537 1109 2575 23.
1151 2523 1262 2566 Iovis
1310 2520 1491 2578 Solisque
1535 2529 1640 2578 equis

355 2584 432 2625 tius
447 2585 628 2640 indignis.
643 2585 847 2640 Relig?oni
861 2586 967 2625 euim
1033 2585 1264 2641 aequiparari
1283 2583 1505 2624 dirimerem
1524 2586 1562 2625 in
1581 2600 1639 2625 re-

354 2660 404 2687 ea
450 2648 599 2689 habere
637 2648 803 2689 dicimur
821 2676 832 2697 ,
879 2661 967 2702 quae
1033 2647 1217 2705 [igionem
1259 2646 1375 2688 etiam
1415 2646 1638 2690 trahebant.
