1670 3068
274 101 629 157 LIBER
733 99 1022 156 XL‘IV.
1173 118 1285 174 379

74 193 243 230 ventus
275 179 483 230 hostium
509 179 710 246 perculit
735 181 917 228 incolas
947 179 1041 227 loci
1072 196 1082 226 :
1130 181 1287 228 colle-
1305 196 1492 246 U‚c‚5s3,

58 251 92 296 ’s
121 248 296 297 deinde
335 265 394 297 ex
422 251 715 314 necopinato
749 264 934 314 pavore
964 248 1132 295 animis
1156 284 1169 305 ‚
1197 247 1287 295 dis-⁸
1306 253 1499 302 a.(,'.t(>9.

47 330 201 369 *rrunt
227 319 391 365 armati
412 317 469 364 ad
499 332 658 382 portas
681 335 734 364 ac
760 319 938 364 moenia
961 353 973 373 ‚
1007 314 1096 379 qua
1129 313 1288 379 suspe-

60 384 71 394 '
89 382 236 430 aditus
260 399 423 432 erant:
452 384 682 449 spemque
707 385 955 449 extemplo
982 382 1253 429 inciderunt
1273 419 1290 442 ‚
1318 395 1322 398 ·

44 451 116 516 api
148 453 304 516 primo
344 453 530 517 impetu
569 450 717 516 poffe.
751 450 958 500 Obsidio
979 452 1121 516 igitur
1145 467 1289 514 para-

16 519 189 578 stur,
228 519 278 567 &
313 535 460 584 opera
496 522 918 585 oppugnationum
962 517 1065 566 fieri
1108 532 1287 583 coepta.

52 584 202 634 erseus
235 623 248 646 ,
294 603 442 652 quum
490 587 687 636 audisset
745 586 880 635 simul
923 586 1210 634 Meliboeam
1257 604 1285 634 a

0 649 1 666 ³
45 651 214 702 onsulis
236 657 446 704 exercitu
472 655 771 722 oppugnari,
798 653 932 702 simul
953 652 1141 701 classem
1163 652 1286 702 Iolci

0 667 131 848 {are
167 758 181 781 ,
228 737 280 771 ut
326 723 437 771 inde
477 721 851 772 Demetriadem
894 721 1239 788 aggrederetur
1269 758 1286 783 ,

56 788 375 853 uphranorem
409 791 668 855 quemdam
699 807 759 839 ex
796 789 996 838 ducibus
1042 805 1150 836 cum
1194 789 1286 837 de-

0 854 138 909 uectis
160 857 347 906 duobus
369 859 578 907 millibus
603 858 889 907 Meliboeam
910 856 1054 905 mittit
1075 873 1086 915 ;
1122 856 1283 905 eidem

0 925 302 989 *imperatum
336 963 350 984 ‚
408 942 457 975 ut
487 964 501 985 ‚
543 926 573 975 fi
619 945 644 974 a
687 926 924 974 Meliboea
975 922 1285 972 submovisset

0 987 294 1054 Romanos,
328 992 698 1043 Demetriadem
731 996 856 1058 prius
888 992 1085 1041 occulto
1115 992 1284 1040 itinere

0 1060 204 1108 intraret
227 1098 240 1119 ,
277 1060 421 1126 quam
444 1062 502 1111 ab
528 1060 663 1111 Iolco
695 1062 754 1109 ad
791 1061 957 1108 urbem
993 1058 1139 1107 castra
1173 1076 1287 1107 mo-

0 1142 180 1177 werent
209 1128 438 1177 Romani.
492 1127 551 1176 Et
588 1130 647 1178 ab
688 1127 1101 1195 oppugnatoribus
1138 1126 1287 1176 Meli-

0 1194 133 1244 daoeae
152 1232 167 1256 ,
197 1214 343 1262 quum
362 1199 409 1244 in
428 1195 748 1261 superioribus
776 1197 891 1244 locis
911 1194 1112 1261 repente
1133 1212 1287 1261 appa-

0 1261 198 1323 aruiffet,
242 1281 353 1312 cum
384 1265 706 1329 trepidatione
741 1264 891 1312 multa
933 1262 1093 1311 reli6³ta
1131 1279 1283 1327 opera

0 1329 112 1380 funt
135 1368 150 1390 ‚
179 1331 390 1398 ignisque
416 1330 614 1396 injefiius
641 1350 656 1391 3
691 1335 754 1380 ita
785 1351 809 1380 a
845 1330 1077 1379 Meliboea
1098 1329 1284 1379 absces-

0 1397 107 1448 sum
136 1398 219 1448 est.
261 1399 548 1465 Euphranor
581 1438 595 1460 ,
638 1400 788 1449 soluta
823 1401 957 1447 unius
991 1398 1119 1445 urbis
1148 1397 1282 1446 obsi-

2 1465 157 1517 flione
177 1504 191 1526 ,
211 1465 581 1516 Demetriadem
603 1467 849 1532 extemplo
874 1467 1000 1515 ducit
1023 1483 1037 1524 3
1069 1482 1156 1514 nec
1177 1481 1281 1515 tum

0 1537 187 1589 moenia
218 1535 371 1584 modo
398 1573 413 1595 ‚
446 1534 527 1584 sed
561 1553 700 1603 agros
733 1537 876 1585 etiam
909 1534 939 1583 6
974 1532 1281 1584 confiderunt

2 1601 54 1652 fe
88 1621 113 1650 a
144 1602 536 1668 populationibus
558 1604 681 1652 tueri
709 1601 843 1669 poffe
873 1618 883 1649 :
914 1601 966 1650 &
997 1603 1279 1666 eruptiones

3 1671 57 1718 in
89 1688 242 1736 vagos
268 1672 584 1737 populatores
618 1688 719 1720 non
754 1669 851 1719 sine
878 1669 1156 1720 vulneribus
1186 1669 1282 1717 ho·

2 1735 144 1786 {lium
178 1736 308 1787 fa&ae
343 1737 466 1788 sunt.
522 1736 845 1788 Circumveffl
891 1753 1053 1787 tamen
1096 1739 1280 1788 moenia

3 1803 110 1854 fisum
139 1822 315 1871 praetor
336 1808 386 1855 &
410 1822 521 1864 rex3
550 1805 689 1856 situm
705 1806 833 1854 urbis
856 1804 1246 1869 contemplantes
1262 1842 1279 1866 ,

0 1869 42 1921 rfi
66 1876 156 1939 qua
188 1889 323 1938 parte
352 1888 538 1923 tentare
562 1889 641 1923 aut
674 1891 826 1939 opere
846 1911 861 1934 ‚
896 1889 976 1922 aut
995 1875 1043 1922 vi
1072 1871 1280 1938 possent.

0 1938 149 1989 Fama
180 1941 269 1991 fuit
289 1979 304 2002 ‚
336 1959 421 2007 per
453 1940 650 2007 Cydam
681 1940 964 1992 Cretensem
989 1978 1003 2001 ‚
1038 1941 1090 1989 ὅ(
1126 1940 1279 1988 Anti-

0 2009 266 2069 machum,
301 2012 380 2075 qui
415 2008 723 2059 Demetriadi
762 2023 964 2075 praeerat
1000 2045 1013 2068 ‚
1063 2007 1281 2056 trasturas

10 2076 128 2124 inter
154 2075 421 2125 Eumenem
445 2078 495 2126 Β(
515 2075 683 2127 Persea
704 2079 1007 2126 conditiones
1029 2077 1244 2124 amicitiae
1266 2093 1281 2135 ;

5 2142 70 2192 ab
102 2143 421 2193 Demetriade
458 2145 587 2193 certe
624 2144 878 2195 absceffum
923 2144 1005 2193 est.
1040 2142 1282 2192 Eumenes
1351 2147 1492 2188 Eume-

0 2208 68 2258 aa
89 2211 331 2260 consulem
355 2214 548 2278 navigat
573 2230 582 2259 :
616 2214 873 2280 gratulatus
897 2211 1027 2278 qubd
1051 2211 1278 2277 prospere
1297 2211 1415 2249 nesii:
1432 2224 1492 2249 re..

0 2276 352 2329 {Macedoniam
381 2278 623 2341 intrasset,
669 2279 955 2347 Pergamum
992 2283 1038 2328 in
1073 2296 1276 2343 regnum
1293 2286 1408 2346 gffffjm

0 2346 134 2405 tabiit.
170 2347 381 2395 Marcius
411 2347 604 2414 Figulus
646 2365 857 2414 praetor,
888 2364 1022 2413 parte
1052 2346 1200 2395 clasiis
1229 2348 1277 2394 in
1296 2345 1396 2374 ‘²²¹⁶‘

0 2412 206 2463 &hiberna
235 2414 476 2463 Sciathum
500 2413 631 2463 missa
656 2453 670 2476 ‚
704 2433 816 2464 cum
851 2417 1041 2481 reliquis
1078 2415 1278 2462 navibus

0 2477 198 2531 ioreum
228 2481 422 2531 Euboeae
451 2485 620 2547 petiit:
657 2500 764 2533 eam
785 2484 957 2532 urbem
991 2480 1278 2542 aptissimam

14 2564 134 2598 ratus
150 2588 164 2609 ‚
196 2551 323 2600 unde
345 2552 630 2599 exercitibus
648 2587 664 2609 ,
696 2553 775 2618 qui
800 2553 847 2600 in
870 2550 1159 2600 Macedonia
1178 2551 1279 2619 qui·

75 2637 100 2678 6
121 2639 371 2695 Confiderunt
388 2640 409 2694 J
428 2638 505 2680 Pto
540 2637 676 2695 confisi
698 2634 808 2692 sunt.
