1670 3068
364 112 721 169 LIBER
817 113 1054 170 XLV.
1226 132 1329 196 505

57 205 166 239 runt
189 229 202 252 ,
236 191 311 241 M.
346 191 606 241 Claudiurn
634 191 920 240 Marcellum
940 230 954 252 ,
979 192 1040 243 C.
1072 193 1337 260 Sulpicium
1356 216 1541 265 'Ile-585·

59 257 258 308 Gallum
290 277 301 306 ε
334 261 510 310 deinde
553 266 782 326 praetores
821 259 1013 326 postero
1059 262 1136 310 die
1178 262 1231 311 L.
1260 263 1546 321 Li-a.C.1(>7.

55 329 191 376 viur‘n
213 364 227 387 ‚
271 327 328 376 L.
362 327 663 395 Appuleium
710 327 1016 376 Saturninum
1043 364 1058 387 ,
1104 328 1169 378 A.
1205 330 1340 380 Lici-

58 396 191 442 nium
217 393 431 445 Nervam
451 434 466 456 ‚
491 395 542 445 P.
564 394 795 445 Rutilium
817 393 1027 444 Calvum
1046 432 1060 455 ‚
1089 394 1140 443 P.
1175 395 1343 459 Quin-

55 462 207 510 tilium
243 461 466 523 Varum,
496 463 567 512 M.
608 462 883 512 Fonteium.
923 463 1010 511 His
1055 465 1340 529 praetoribus

60 528 165 578 duae
196 530 389 579 urbanae
418 533 679 596 provinciae
701 529 804 579 sunt
838 531 1071 591 decretae,
1095 531 1198 579 duae
1228 531 1342 579 His-

57 599 213 662 paniae
233 635 246 658 ‚
267 597 423 647 Sicilia
460 600 511 647 ὅ(
533 598 763 647 Sardinia.
784 597 1123 647 Intercalatum
1155 615 1215 648 eo
1254 617 1343 647 an-

57 682 124 713 no
146 683 156 713 :
179 665 407 731 postridie
437 664 733 715 Terminalia
762 681 779 712 1
802 667 1104 715 intercalares
1132 665 1344 716 fuerunt.
1369 727 1371 730 ι

57 733 229 800 Augur
260 750 322 782 eo
352 750 479 782 anno
504 748 721 783 mortuus
752 732 845 793 est,
871 732 931 782 C.
974 731 1207 782 Claudius
1243 752 1253 782 z
1294 736 1344 784 in

56 799 159 865 ejus
192 802 355 850 locum
386 819 586 869 augures
607 801 830 867 legerunt
852 799 915 849 T.
938 799 1199 865 Quintium
1228 802 1343 851 Fla-

58 869 312 918 mininum.
359 866 417 916 Et
450 871 630 920 flamen
665 867 929 933 Quirinalis
970 883 1224 929 mortuus,
1266 868 1340 934 Q.

57 934 233 985 Fabius
257 935 428 986 Pictor.
460 937 535 986 Eo
574 953 702 984 anno
730 952 815 985 rex
846 934 1024 984 Prufias
1056 938 1192 986 venit
1230 937 1339 987 Ro·
1386 940 1545 997 Prusias

54 1021 187 1052 niam
217 1021 327 1052 cum
355 1003 456 1053 filio
490 1003 779 1053 Nicomede.
806 1003 850 1052 Is
887 1021 1067 1070 magno
1106 1006 1338 1055 comitatu
1352 1017 1421 1043 rex
1448 1006 1532 1045 Ro-

54 1073 229 1121 urbem
253 1070 479 1138 ingressus
500 1111 514 1134 ‚
555 1072 614 1120 ad
645 1071 804 1121 forum
842 1090 867 1119 a
903 1087 1042 1137 porta
1062 1109 1078 1130 ,
1107 1073 1534 1134 tribunal-meme·

58 1157 156 1206 que
184 1139 254 1205 Q.
293 1136 439 1189 Caffii
469 1142 685 1207 praetoris
721 1142 932 1204 perrexit
965 1156 976 1187 ε
1011 1140 1429 1208 concursuquem‘·

56 1208 272 1274 undique
301 1206 460 1266 fa&o;
491 1211 621 1257 Deos
651 1210 729 1273 qui
763 1208 905 1255 urbem
943 1210 1135 1256 Romam
1172 1211 1340 1258 incole·

64 1291 187 1334 rent,
214 1275 510 1340 senatumque
545 1276 588 1324 6³
621 1276 846 1341 populum
876 1279 1133 1324 Romanum
1160 1275 1345 1340 βίαια-

62 1358 155 1392 tum
176 1343 227 1406 fe
264 1343 382 1391 dixit
412 1341 578 1408 vetuste
615 1362 628 1390 .·
663 1344 707 1391 6³
732 1343 1008 1409 gratulatum
1044 1345 1167 1409 quod
1184 1344 1346 1409 Persea

65 1413 367 1476 Gentiumque
399 1429 515 1478 reges
551 1407 756 1472 viczffent
781 1431 802 1470 ,·
843 1409 1258 1477 Macedonibusque
1298 1413 1343 1461 ὃ»

63 1479 244 1545 Illyriis
275 1481 323 1527 irz
347 1481 562 1526 ditionem
585 1481 770 1526 redafflis
792 1517 807 1537 ,
843 1475 1071 1540 auxzſjerzt
1096 1481 1346 1545 imperium.

63 1545 236 1610 Quum
265 1561 441 1612 praetor
467 1546 680 1595 senatum
707 1548 788 1603 ei,
810 1544 840 1593 si
874 1547 1022 1606 velit,
1056 1563 1116 1596 eo
1152 1547 1229 1596 die
1252 1547 1347 1596 da-

61 1630 221 1662 turum
269 1613 453 1663 dixisset
486 1632 500 1674 ·,
534 1615 733 1662 biduum
784 1615 923 1679 petiit
946 1651 960 1673 ‚
1015 1631 1112 1681 quo
1160 1616 1348 1681 templa

62 1681 209 1731 deum
241 1683 507 1748 urbemque
546 1683 597 1731 ὃ(
641 1681 854 1747 hospites
905 1681 1180 1748 amicosque
1221 1683 1349 1734 vise-

64 1765 154 1799 ret.
184 1749 341 1798 Datus
381 1752 462 1816 qui
494 1749 879 1799 circumduceret
918 1766 1029 1799 eum
1058 1749 1112 1799 L.
1153 1748 1348 1801 Corne-

58 1819 146 1867 lius
168 1817 332 1884 Scipio
365 1817 566 1884 quaestor
584 1856 602 1877 ,
632 1820 713 1883 qui
744 1819 796 1867 ὅ(
821 1815 1043 1884 Capuam
1080 1819 1123 1866 ei
1146 1819 1346 1868 obviam

63 1885 219 1934 missus
248 1886 403 1935 fuerat
431 1903 441 1934 :
476 1887 528 1935 &
559 1886 718 1946 aedes,
740 1902 844 1951 quae
866 1885 1017 1950 ipsum
1049 1886 1347 1953 comitesque

65 1954 168 2017 ejus
188 1954 398 2022 benigne
418 1955 718 2019 reciperent,
741 1953 1008 2003 condu&ae.
1032 1952 1206 2003 Tertio
1239 1954 1348 2020 post

64 2022 142 2070 die
185 2021 401 2070 senatum
443 2023 540 2070 adit
576 2059 589 2082 ‚
645 2021 904 2089 gratulatus
948 2020 1192 2070 vitioriam
1234 2021 1347 2072 est:

63 2091 234 2137 merita
252 2089 330 2138 sua
358 2091 406 2136 in
441 2107 502 2138 eo
537 2088 668 2139 bello
706 2091 1111 2138 commemoravit
1135 2107 1144 2136 ε
1170 2092 1346 2155 petiit,

73 2161 140 2205 Ut
169 2173 323 2206 votum
342 2158 432 2221 fibi
451 2156 657 2221 solvere,
689 2160 842 2205 Roma:
872 2159 920 2205 irz
951 2158 1178 2223 Capitolio
1200 2159 1345 2206 decem

69 2223 256 2290 majores
286 2227 484 2292 hostias,
517 2225 561 2273 ὃ*
594 2226 808 2291 Praeneste
839 2243 976 2273 urtam
1010 2227 1215 2274 Fortunae
1236 2265 1250 2284 ,
1292 2227 1344 2272 li-

68 2308 177 2340 ceret
203 2311 225 2352 ,·
260 2311 311 2340 ea
345 2307 454 2341 vota
478 2310 562 2359 pro
601 2295 790 2341 vifloria
818 2293 986 2359 populi
1020 2296 1221 2341 Romani
1248 2290 1347 2356 effe.

70 2363 137 2408 Et
173 2375 222 2408 ut
244 2359 441 2424 fhcietas
475 2358 625 2423 secum
673 2376 955 2409 renovaretur
989 2379 1001 2408 :
1035 2378 1219 2427 agerque
1255 2362 1348 2425 fibi

69 2430 121 2476 de
145 2446 237 2495 rege
266 2430 499 2476 Antiocho
518 2443 710 2493 captus,
741 2441 867 2494 quem
897 2427 1017 2477 nulli
1037 2431 1191 2475 datum
1217 2447 1246 2474 a
1258 2446 1348 2494 po-

61 2496 176 2562 pulo
213 2499 420 2544 Romano
457 2496 591 2545 Galli
617 2497 911 2561 poffidererzt,
945 2498 1132 2544 daretur.
1172 2494 1349 2544 Filium

136 2594 151 2621 1
177 2581 474 2636 Inter-calates]
505 2584 586 2624 Vel
608 2597 675 2623 ex·
738 2597 825 2623 vox·
850 2582 1064 2623 Kalendae.
1097 2582 1197 2624 Vid.
1234 2583 1349 2637 supr&

72 2643 167 2683 cidit
189 2671 198 2689 ,
234 2646 302 2683 vel
332 2645 595 2700 intelligenda
622 2644 677 2687 est
740 2645 810 2687 lib.
837 2645 1002 2693 XLIII,
1033 2659 1069 2684 c.
1102 2657 1173 2685 ιι.

145 2705 270 2754 Tcm.
307 2704 389 2754 VI.
977 2757 982 2761 ,
1035 2701 1080 2749 Y
