1670 3068
257 100 614 157 LIBER
698 97 1063 155 XXXIX.
1230 118 1310 175 47

23 199 137 233 num
175 181 521 231 condemnavit
545 178 714 227 :multi
741 194 771 239 7
799 179 913 226 inde
951 177 1173 245 fugerunt
1203 198 1212 228 :
1247 181 1306 229 de
1330 183 1522 237 U·‘'·567·

23 251 181 300 multis
218 250 455 315 sumptum
494 246 560 297 est
604 247 901 312 suppncium.
953 244 1191 294 Consules
1228 249 1307 296 diu
1328 242 1522 292 ‘al-CASS-

22 318 194 368 retenti
227 318 288 366 ad
323 317 492 366 urbem
532 313 794 364 deleffibus
817 351 833 377 ‚
867 315 1065 363 tandem
1106 314 1154 362 in
1188 332 1308 380 pro-

22 388 202 435 vincias
235 384 439 452 profeffl
480 383 602 432 sunt.
836 438 841 443 .

48 494 51 497 .
96 453 257 502 XXX.
291 452 482 502 Eodem
518 469 682 510 anno,
720 452 768 499 in
805 448 1034 517 Hispania
1075 463 1304 514 praetores
1327 439 1523 551 Regelstffo

1327 518 1364 541 ΖΠ
1430 519 1443 541 l
1468 524 1482 532 “

1323 565 1464 621 pania-

26 520 88 571 C.
120 521 410 588 Calpurnius
443 521 497 568 &
539 519 587 567 L.
622 517 888 583 Quintius,
944 536 1090 585 quum
1146 518 1304 582 primo

26 606 143 639 vere
165 608 224 639 ex
250 591 460 641 hibernis
493 589 658 652 copias
687 586 878 635 edu&as
905 588 952 634 in
972 586 1178 635 Baeturia
1198 583 1308 648 jun·

26 656 194 707 xiffent
229 695 243 716 ‚
283 660 332 706 in
371 655 714 721 Carpetaniam
738 691 752 713 ‚
793 655 875 702 ubi
916 653 1122 702 hostium
1164 651 1310 702 castra

28 742 164 775 erant
187 765 201 786 ‚
232 725 260 774 8
292 722 521 792 progreffi
550 723 652 771 sunt
671 760 686 781 ‚
717 725 966 770 communi
994 725 1156 769 animo
1189 740 1310 768 con-

29 794 228 861 filioque
260 795 407 859 parati
441 809 543 840 rem
574 807 760 857 gerere.
801 789 946 837 Haud
980 790 1152 856 procul
1180 789 1309 855 Hip-

30 879 161 928 pone
191 863 242 911 &
266 860 450 910 Toleto
475 859 700 916 urbibUS,
732 861 857 907 inter
887 858 1194 923 pabulatores
1219 875 1311 923 pu·

31 949 125 997 gna
157 945 261 983 orta
281 928 381 987 est3
405 930 576 994 quibus
615 926 732 975 dum
759 928 998 993 utrimque
1032 925 1312 974 subvenitur

30 1016 56 1046 a
92 996 276 1057 castris,
304 997 532 1064 paulatim
564 1012 735 1044 omnes
763 996 916 1060 copiae
936 997 984 1043 in
1008 997 1163 1043 aciem
1192 995 1312 1043 edu-

31 1066 115 1114 &ae
133 1064 235 1114 sunt
256 1082 270 1124 ;
292 1069 339 1114 in
373 1082 433 1114 eo
455 1065 765 1113 tumuituario
786 1066 1047 1112 certamine
1066 1101 1080 1123 ‚
1106 1063 1157 1110 δί
1182 1078 1210 1127 9
1234 1064 1311 1111 lo-

32 1151 88 1182 ca
120 1133 196 1181 sua
228 1133 276 1181 ὃ(
308 1151 458 1200 genus
492 1150 665 1199 pugnae
705 1149 795 1197 pro
826 1130 960 1180 hoste
1001 1131 1178 1191 fuere3
1210 1130 1309 1179 duo

31 1204 268 1256 exercitus
309 1201 522 1251 Romani
553 1199 640 1249 fusi
663 1237 677 1258 ,
715 1215 860 1266 atque
895 1202 944 1247 in
987 1198 1131 1247 castra
1169 1217 1310 1247 com-
1351 1192 1524 1266 Romani

31 1268 149 1336 pulsi
184 1269 288 1318 sunt
320 1286 334 1331 3
370 1288 468 1318 non
490 1268 696 1319 institere
729 1267 953 1334 perculsis
990 1266 1313 1316 hoste8.Prae·
1332 1273 1491 1297 macun-

30 1354 160 1387 tores
188 1337 396 1386 Romani
421 1376 434 1397 ‚
469 1355 529 1385 ne
559 1335 751 1403 postero
785 1337 860 1385 die
896 1334 1042 1385 castra
1063 1353 1313 1402 oppugna·
1332 1333 1409 1360 ‘W‘

32 1422 228 1466 rentur,
265 1405 452 1456 silentio
479 1408 713 1471 proximae
748 1405 900 1454 noeiis
937 1421 956 1453 1
995 1407 1144 1454 tacito
1176 1404 1314 1471 signo

33 1476 298 1523 exercitum
356 1475 674 1523 abduxerunt.
724 1473 857 1521 Luce
909 1473 1064 1537 prima
1115 1472 1316 1539 Hispani

35 1544 136 1591 acie
163 1541 384 1590 instrue&
421 1543 483 1590 ad
503 1543 684 1589 vallum
711 1539 1003 1590 accesserunt
1024 1580 1039 1602 ‚
1067 1559 1315 1607 vacuaque

35 1624 206 1675 praeter
225 1608 359 1675 spem
378 1608 522 1658 castra
543 1607 731 1677 ingressi
755 1647 770 1669 ‚
800 1627 906 1675 quae
934 1609 1158 1658 dereliffli
1190 1611 1317 1658 inter

35 1677 316 1726 nofihirnam
350 1677 730 1743 trepidationem
771 1692 940 1737 erant,
978 1677 1316 1743 diripuerunt:

36 1743 323 1813 regreffique
353 1747 402 1793 in
435 1745 514 1794 sua
550 1743 693 1794 castra
715 1782 730 1805 ‚
769 1763 948 1811 paucos
991 1745 1094 1795 dies
1143 1748 1318 1811 quietis

37 1812 211 1862 stativis
243 1813 534 1863 manserunt.
567 1813 907 1863 Romanorum
941 1812 1277 1880 sociorumque
1298 1852 1315 1874 ‚

36 1884 84 1930 in
115 1881 282 1948 praelio
315 1881 524 1949 fugaque
546 1921 560 1944 ,
598 1881 658 1930 ad
695 1884 908 1949 quinque
937 1882 1086 1930 millia
1122 1882 1276 1931 occisa
1305 1900 1317 1930 t

38 1966 244 2017 quorum
279 1949 326 1999 se
360 1951 522 2018 spoliis
564 1948 724 2000 hostes
760 1965 1001 1999 armarunt
1041 1968 1053 1999 :
1094 1952 1207 2000 inde
1255 1950 1317 1999 ad

100 2088 126 2127 7
148 2074 246 2116 Inde
263 2073 483 2132 fizgerunt]
513 2077 647 2120 Vacat
776 2088 792 2116 1
823 2075 965 2116 Tacito
978 2076 1128 2131 signo]
1158 2076 1319 2132 Signum

37 2139 89 2185 τὶ
116 2145 222 2184 inde.
710 2137 1186 2193 tacitumintelligendum
1207 2139 1319 2178 vide-

105 2204 128 2244 8
144 2195 335 2260 Pro'greffi
346 2202 437 2260 sunt
452 2237 463 2255 ,
484 2221 647 2247 commu-
710 2210 776 2239 tur
795 2228 806 2246 ,
824 2214 905 2239 non
926 2202 1069 2240 vocale
1088 2229 1099 2248 ,
1121 2201 1229 2254 quod
1253 2211 1321 2240 tu·

42 2264 83 2305 ni
115 2265 243 2306 animo
260 2266 274 2316 ]
304 2267 533 2318 Rotundior
550 2267 647 2308 effet
710 2261 759 2300 ba
774 2289 785 2308 ‚
811 2273 878 2301 aut
902 2261 1057 2302 claffico
1072 2290 1083 2308 ,
1105 2273 1174 2302 aut
1192 2276 1320 2302 cornu

42 2328 174 2367 oratio
192 2356 202 2372 ‚
236 2326 261 2366 si
278 2330 443 2383 iegeres
461 2358 472 2377 ,
494 2340 538 2370 ut
557 2331 648 2383 qui-
711 2324 795 2362 dari
839 2323 942 2364 solet
994 2337 1006 2365 ε
1054 2323 1121 2364 sed
1166 2334 1319 2363 mutum

43 2388 131 2429 dam
158 2389 245 2428 libri
272 2390 419 2431 habent
439 2404 451 2430 .·
470 2389 647 2448 progres-
711 2385 1077 2439 clandestinumque
1096 2413 1107 2431 2
1149 2384 1190 2424 id
1231 2385 1285 2424 est
1306 2413 1318 2431 ‚

34 2449 74 2503 fi
89 2477 101 2497 ‚
135 2451 324 2491 communi
365 2452 493 2492 animo
528 2453 646 2507 confi.
710 2461 783 2501 per
827 2446 1009 2488 tesseram
1054 2448 1204 2487 datum.
1252 2446 1321 2487 De

42 2511 172 2566 lioque
204 2527 280 2552 rem
305 2512 511 2568 gefferunt.
709 2508 851 2550 tessera
865 2509 948 2550 vid.
965 2519 1053 2551 not·
1079 2521 1095 2550 1
1119 2536 1130 2556 ,
1149 2508 1197 2549 ad
1215 2508 1322 2557 VH,

104 2585 130 2625 9
151 2574 260 2614 Loca
278 2573 353 2628 sua
374 2576 387 2625 J
421 2576 530 2616 Loca
549 2574 616 2615 fibi
634 2604 646 2625 ,
713 2580 786 2623 35.

42 2632 84 2677 id
101 2634 155 2678 est
171 2663 183 2686 ,
202 2635 385 2692 Hispanis
402 2649 650 2695 opportuna.
