1670 3068
325 121 444 175 400
611 103 663 162 T
705 121 725 160 1
774 121 814 161 T
862 120 882 160 1
968 103 1018 162 L
1065 122 1083 160 1
1133 121 1178 158 v
1223 120 1242 159 1
1291 120 1312 159 1

123 184 522 246 U.c.5S4.tebant,
553 185 681 234 unde
711 185 1026 234 transmittere
1050 187 1097 232 in
1122 184 1468 232 Macedoniam
1495 178 1606 246 pos-

121 250 453 300 2·C·16S.sent:
471 252 640 303 Attalo
660 254 717 301 ab
738 253 955 302 Eumene
978 252 1306 300 mittebantur.
1329 251 1431 298 Has
1449 260 1601 297 naves

327 335 415 385 per
441 321 588 370 altum
617 321 729 370 ferri
751 338 899 387 quum
921 337 978 367 ex
1010 319 1199 385 specula
1229 317 1415 385 {ignum
1436 317 1601 366 datum

326 386 572 437 Antenori
590 388 702 438 effer
725 426 738 447 ‚
768 386 1009 453 profestum
1031 406 1056 434 a
1079 386 1272 436 Subotis
1293 424 1306 446 ,
1337 388 1462 434 inter
1482 383 1610 449 Ery-4

329 456 542 506 thrarum
581 458 969 521 promontorium
1004 492 1019 514 ‚
1059 453 1335 520 Chiumque
1358 491 1371 512 ,
1411 454 1504 518 qua
1533 452 1627 499 ar-'

332 522 577 572 ftiffimum
609 523 783 571 fretum
806 521 901 581 est,
942 524 996 569 iis
1033 524 1256 570 occurrit.
1294 520 1423 569 Nihil
1453 521 1612 568 minus

330 591 528 640 credere
556 590 768 655 praefeffi
797 589 1027 638 Eumenis
1046 628 1061 650 ‚
1096 589 1239 656 quam
1275 589 1610 637 Macedonum

330 657 522 707 claffem
542 660 591 706 in
613 659 696 707 illo
717 660 880 725 vagari
900 660 1044 706 mari:
1068 676 1194 706 nunc
1215 657 1467 705 Romanos
1488 654 1614 716 esse;

327 744 455 774 nunc
485 726 706 775 Attalum
732 764 744 785 ‚
785 742 862 774 aut
889 724 1103 774 remiffos
1131 726 1317 791 aliquos
1351 725 1410 773 ab
1440 723 1611 773 Attalo

331 810 391 842 ex
412 793 568 844 castris
587 793 819 844 Romanis
831 793 1121 861 Pergamum
1141 808 1328 860 petere.
1347 791 1444 843 Sed
1464 810 1612 857 quum

329 859 426 928 jam
462 865 950 930 appropinquantium
985 861 1143 911 forma
1181 862 1456 911 lemborum
1487 861 1614 910 haud

333 930 478 979 dubia
509 930 624 980 effer
648 967 662 991 ,
698 931 749 979 δὲ
777 932 1039 979 concitatio
1070 947 1318 979 remorum
1342 967 1357 990 ‚
1391 928 1611 978 directae-

266 1061 268 1063 >
333 1015 428 1064 que
463 1001 511 1046 in
545 998 589 1047 se
620 1016 776 1065 prorae
806 1034 820 1058 ‚
863 996 1021 1048 hostes
1053 1001 1440 1064 appropinquare
1487 1015 1613 1062 ape·-

331 1065 523 1115 ruiss‘ent
563 1084 577 1126 3
624 1080 738 1115 tunc
776 1064 948 1130 injecta
987 1067 1248 1134 trepidatio
1292 1065 1359 1115 est
1393 1104 1408 1128 ‚
1461 1083 1613 1130 quum

331 1133 576 1184 resistendi
608 1135 715 1201 spes
749 1136 879 1184 nulla
914 1133 1062 1195 esset,
1097 1135 1386 1201 inhabilique
1415 1135 1610 1181 navium

333 1219 513 1269 genere
551 1241 565 1263 ,
613 1203 663 1252 δέ
696 1202 850 1252 Gallis
887 1206 967 1252 vix
1015 1205 1228 1269 quietern
1263 1202 1526 1252 ferentibus
1562 1203 1648 1265 inb

332 1273 469 1319 mari.
504 1270 614 1319 Pars
651 1289 820 1320 eorum
841 1309 855 1331 ,
885 1274 964 1337 qui
995 1273 1248 1338 propiores
1281 1287 1311 1334 7
1346 1271 1636 1319 continenti.
1667 1301 1670 1320 ι

332 1339 485 1387 littori
511 1355 646 1388 erant
666 1378 680 1399 ,
709 1341 757 1386 in
778 1338 1070 1406 Erythream
1099 1356 1331 1389 enarunt:
1357 1357 1463 1406 pars
1489 1339 1618 1387 velis,

333 1406 491 1468 dati5‚
535 1408 595 1456 ad
644 1406 822 1457 Chium
862 1425 1011 1457 naves
1053 1406 1244 1471 ejecere
1281 1445 1296 1468 ,
1345 1405 1616 1473 relictisque

331 1478 467 1539 equis
489 1514 504 1535 ,
536 1474 687 1524 effusa
712 1475 824 1542 fuga
863 1476 1032 1525 urbem
1066 1477 1319 1541 petebant.
1366 1474 1464 1524 Sed
1496 1492 1617 1539 pr0-÷

327 1544 434 1609 pius
483 1546 654 1593 urbem
705 1544 852 1594 lembi
914 1542 1198 1612 accessuque
1270 1544 1615 1593 commodiore

327 1630 476 1678 quum
505 1611 826 1677 exposuissent
855 1626 1066 1661 armatos
1089 1651 1102 1672 ‚
1143 1614 1316 1679 partim
1341 1613 1387 1659 in
1419 1613 1498 1661 via
1534 1610 1610 1659 fu·
1635 1673 1639 1676 Α

327 1681 516 1747 gientes
550 1680 724 1730 Gallos
756 1681 921 1747 adepti
960 1680 1263 1730 Macedones
1298 1679 1641 1739 ceciderunt,'

325 1751 502 1813 partim
532 1764 641 1798 ante
671 1766 864 1815 portam
900 1747 1116 1797 exclusos
1146 1768 1154 1797 :
1184 1748 1445 1797 clauserant
1483 1750 1612 1796 enim

327 1815 440 1866 Chii
470 1833 710 1883 portam,
766 1819 916 1884 ignari
952 1819 1030 1884 qui
1068 1817 1292 1883 fugerent
1329 1832 1410 1865 aut
1445 1816 1612 1882 seque-

324 1899 503 1933 rentur.
539 1884 823 1952 Offlngemi
846 1884 1000 1934 ferme
1033 1883 1293 1936 Gallorum
1316 1884 1457 1933 occifi
1477 1922 1491 1943 ,
1519 1885 1612 1932 du-

326 1955 458 2002 centi
489 1955 591 2003 vivi
618 1956 747 2018 capti
783 1971 793 2000 :
838 1956 950 2020 equi
973 1992 986 2011 ,
1019 1971 1127 2018 pars
1164 1957 1210 2001 in
1252 1956 1412 2010 mari,
1456 1952 1615 2001 sraelis
1647 2000 1650 2002 ,

323 2023 561 2081 navibus,
598 2020 871 2087 absumpti:
911 2023 1084 2087 partim
1118 2021 1146 2070 8
1181 2039 1357 2070 nervos
1392 2020 1612 2069 succide-

321 2104 434 2139 runt
449 2092 496 2138 in
516 2091 676 2139 littore
696 2089 998 2138 Macedones
1022 2108 1035 2149 ·,
1058 2092 1232 2157 viginti
1249 2090 1437 2138 eximiae
1457 2105 1629 2154 equos,>

323 2157 494 2207 formae
536 2176 643 2205 cum
679 2161 881 2224 captivis
921 2158 1119 2208 eosdem
1164 2159 1335 2206 decem
1368 2156 1558 2205 lembos
1597 2194 1614 2218 ,
1658 2153 1661 2156 ⁴

321 2244 446 2291 quos
473 2227 582 2274 ante
609 2226 798 2274 miserat
819 2263 832 2285 ,
876 2224 1101 2275 Antenor
1134 2226 1376 2275 devehere
1408 2222 1616 2273 Thessa-

320 2295 534 2343 lonicam
566 2292 723 2358 justit,
777 2294 827 2342 &
862 2296 1020 2358 primo
1060 2310 1254 2362 quoque
1291 2308 1516 2358 tempore
1546 2290 1609 2341 ad

322 2362 512 2412 classem
549 2364 731 2411 reverti
767 2380 776 2410 :
822 2360 992 2411 Phanis
1017 2362 1061 2411 se
1086 2379 1172 2412 eos
1209 2360 1606 2428 exspectaturum.

384 2482 409 2520 7
435 2467 661 2508 Continenti
677 2467 842 2520 littore]
865 2467 929 2507 Sic
995 2467 1261 2520 Intelligirnus
1293 2481 1442 2506 nervos
1475 2464 1604 2518 popli-

322 2529 517 2570 Horatius
541 2543 551 2570 t
579 2528 720 2569 Parum
753 2529 930 2584 locuples
995 2538 1077 2568 turn
1097 2560 1108 2577 ,
1130 2540 1173 2568 ut
1194 2529 1304 2581 supra
1319 2527 1397 2580 jam
1422 2525 1607 2579 exposui·
1636 2574 1640 2577 Ψ

322 2591 548 2632 continente
583 2591 686 2645 ripd.
994 2605 1079 2633 mus
1108 2592 1139 2632 l.
1167 2589 1411 2642 XXXVII,
1439 2602 1476 2631 c.
1507 2598 1588 2640 422

385 2652 412 2694 8
447 2654 604 2694 Nenos
632 2649 928 2708 fiscciderunt]
