1670 3068
345 117 1141 201 SENTENTIARUM.
1292 137 1391 197 ‘533

627 189 881 247 Pub'licanus.

105 263 188 312 vbi
202 263 421 319 publicanus
442 263 518 310 est,
536 263 589 304 ibi
611 271 675 304 aut
693 261 749 312 ius
777 261 973 316 publicum
992 276 1133 307 vanum
1154 294 1167 318 ,
1187 274 1250 309 aut
1275 265 1392 309 liber-

163 328 220 362 tas
236 319 385 375 populis
404 317 504 361 nulia
522 318 577 361 est
590 349 603 370 ‚
624 315 730 359 XLV
745 347 757 368 ,
782 317 848 360 18.

655 388 716 430 Re
742 404 844 433 num.

107 442 287 501 Regnum
310 446 497 490 scelerate
517 445 621 501 cupit
637 476 648 495 ‚
670 404 741 500 qu?
753 441 1030 488 transscendere
1048 442 1195 487 festinat
1218 433 1393 487 ordinem

164 502 281 543 aetatis
299 533 309 550 ,
331 512 491 554 naturae,
511 502 602 555 iuris
620 500 787 556 gentium
806 530 818 549 ‚
837 497 903 540 XL
919 532 930 551 ‚
955 513 1019 545 11.

110 555 245 611 Quum
265 558 394 598 omnia
414 559 577 598 humana
600 585 613 599 ‚
631 565 709 596 tum
728 554 893 597 maxima
929 567 1089 606 ausaque
1122 563 1238 606 regna
1263 553 1305 594 ὅ(
1323 553 1396 593 im-

164 612 269 664 periti
296 610 361 653 sub
379 610 503 653 multIs
521 608 665 652 cafibus
682 609 762 650 sunt
782 639 793 656 ,
810 603 917 648 XLII
936 636 946 655 ,
966 617 1033 659 30.

107 662 212 708 Inter
232 678 367 709 omnes
397 666 609 713 convenit,
627 675 699 706 nec
736 663 878 716 turpius
911 661 1117 717 quidquam
1151 661 1222 703 effe
1240 688 1253 706 ‚
1283 659 1397 715 quiim

162 719 238 762 fine
259 723 466 764 certamine
485 719 620 773 ceffiffe
639 730 760 773 regno
787 729 800 763 ;
822 729 894 759 nec
914 717 1130 772 praeclarius
1161 714 1368 770 quidquam
1382 745 1396 767 ,

162 776 279 828 quam
295 787 365 827 pro
388 776 564 830 dignitate
584 787 629 818 ac
647 771 842 827 maiestate
868 783 1027 815 omnem
1053 770 1243 812 fortunam
1261 782 1399 825 exper-

163 838 244 871 tum
265 830 337 874 effe
351 863 363 884 ,
384 830 518 882 XLII,
543 842 611 884 50.

592 895 724 936 Prava
750 894 923 952 Religio-

107 949 216 998 Nihil
248 952 286 995 in
312 952 480 1008 speciem
511 950 684 994 fallacius
715 949 769 991 est
790 982 803 1001 ,
835 955 949 1005 quam
986 961 1105 1004 prava
1144 949 1296 1005 religio.
1322 947 1401 992 Ubi

163 1008 329 1050 deorum
359 1020 499 1059 numen
543 1004 783 1061 praetenditur
825 1004 1030 1047 sceleribus
1051 1036 1064 1055 ,
1099 1004 1196 1046 subit
1235 1005 1401 1046 animum

163 1063 311 1113 timor,
329 1075 378 1104 ne
396 1061 589 1104 fraudibus
608 1060 778 1102 humanis
807 1059 1045 1101 vindicandis
1068 1059 1185 1102 divini
1215 1058 1304 1113 juris
1334 1060 1401 1100 aii-.-

170 1116 266 1173 quid
284 1117 487 1161 immistum
502 1115 674 1162 violetur
690 1143 703 1160 ,
722 1113 897 1156 XXXIX
914 1143 927 1160 ‚
950 1114 1014 1160 16.

710 1186 814 1230 Rex.

115 1244 252 1288 Grave
289 1243 487 1299 imperium
507 1254 638 1297 regum
667 1241 761 1283 nihil
794 1240 1071 1296 inexploratum
1093 1270 1106 1292 ,
1127 1239 1232 1295 quod
1255 1238 1402 1282 investi-

171 1301 251 1354 gari
270 1300 405 1342 volunt
420 1332 430 1349 ,
452 1297 569 1340 efficit
584 1325 596 1342 ‚
618 1297 821 1343 XXXIX,
846 1309 908 1347 51.

115 1353 204 1398 Rex
223 1366 364 1396 cavere
383 1353 501 1396 debet
521 1381 532 1398 ,
548 1365 596 1394 ne
619 1364 708 1394 cum
730 1361 812 1394 tota
829 1362 943 1406 gente
964 1351 1067 1394 fimul
1086 1350 1122 1394 ln
1143 1349 1258 1393 rebus
1278 1347 1402 1392 dubiis

173 1407 431 1463 periclitetur,
451 1404 544 1452 XL,
573 1417 643 1450 21.

695 1460 836 1503 Sacra.

118 1516 257 1562 Omnis
277 1516 447 1570 praefatio
466 1515 659 1558 sacrorum
678 1527 749 1559 eos
770 1515 908 1572 quihus
929 1527 1008 1558 non
1025 1514 1106 1557 sunt
1124 1526 1225 1569 purae
1243 1525 1373 1555 manus
1391 1542 1405 1562 ‚

175 1571 292 1614 sacris
312 1581 418 1614 arcet
432 1600 445 1618 ‚
467 1568 571 1613 XLV
587 1604 598 1624 ,
624 1581 661 1622 5.

578 1642 795 1683 ‘satellites
827 1645 960 1697 regiis

119 1696 314 1742 Satellites
338 1697 431 1753 regii
456 1697 616 1747 nublicae
641 1697 722 1738 sunt
755 1697 897 1739 inimici
927 1695 1134 1739 libertatis:
1155 1695 1294 1737 servire
1325 1694 1410 1746 regi

176 1753 395 1798 humiliter,
415 1753 492 1795 aliis
516 1751 675 1805 superbe
708 1752 892 1805 imperare
917 1751 1073 1793 assueti:
1116 1750 1303 1792 raedivites
1323 1747 1406 1790 alii:

178 1806 244 1848 alii
258 1839 268 1855 ‚
295 1819 392 1861 quos
411 1805 564 1849 fortuna
584 1818 663 1847 non
681 1816 829 1861 aequant
846 1837 857 1855 ,
881 1806 936 1847 his
957 1805 1088 1858 sumpti
1121 1817 1163 1845 us
1184 1816 1293 1858 pares
1313 1816 1323 1842 :
1346 1814 1409 1843 re·-

178 1862 259 1916 gius
279 1861 455 1904 omnibus
476 1861 595 1904 vietus
614 1860 842 1915 vestitusque
863 1859 980 1901 :nulli
1010 1859 1131 1900 civilis
1149 1861 1294 1899 animus
1311 1888 1322 1905 ,
1339 1868 1409 1901 neq

180 1928 256 1970 que
275 1915 400 1969 legum
418 1946 432 1963 ‚
450 1928 575 1972 neque
591 1914 774 1958 libertatis
794 1928 910 1969 aequae
928 1914 1074 1968 patIens
1088 1943 1100 1964 ,
1121 1912 1227 1955 XLV
1239 1942 1250 1962 ,
1270 1923 1338 1965 32.

706 1984 831 2027 Servi.

124 2038 237 2084 Servi
253 2049 387 2093 praeter
402 2041 503 2094 spem
522 2040 680 2095 repente
701 2039 903 2080 manumiffi
927 2038 1118 2079 licentiam
1146 2036 1259 2079 vocis
1278 2037 1319 2078 ὃ(
1337 2036 1411 2078 Iin-

182 2106 265 2148 guae
282 2095 442 2147 experiri
461 2105 587 2136 amant
602 2127 613 2145 ‚
638 2095 678 2135 &
698 2093 836 2142 iactare
851 2093 927 2136 sese
947 2091 1192 2135 insectatione
1211 2092 1252 2133 δε
1272 2092 1410 2134 convi-

184 2148 254 2191 ciis
278 2147 550 2202 dominorum,
570 2147 745 2192 XXXIX
761 2179 773 2199 ,
804 2148 872 2191 26.

709 2221 833 2264 Socii.

128 2273 301 2318 Caritate
326 2305 338 2323 ‚
374 2274 488 2329 quum
524 2283 629 2318 metu
643 2307 655 2328 ,
699 2276 904 2331 adjungere
946 2275 1012 2317 fibi
1055 2274 1184 2317 socios
1230 2273 1378 2329 praestat
1393 2303 1406 2324 ,

187 2329 364 2372 XXXIX
385 2359 396 2380 ‚
433 2341 501 2382 25.

691 2383 864 2439 Templa.

129 2438 253 2483 Iidem
270 2438 412 2493 ubique
431 2438 478 2479 dii
499 2438 731 2481 immortales
761 2440 874 2490 sunt,
908 2450 980 2481 nec
1005 2436 1134 2493 spoliis
1159 2437 1318 2479 aliorum
1347 2434 1411 2477 alii

189 2493 342 2541 colendi
371 2493 657 2548 exornandique
677 2526 687 2545 ,
723 2493 860 2544 XLII,
898 2504 936 2546 3.

709 2563 865 2614 Trzstia.

139 2618 240 2673 Quae
254 2630 322 2671 per
339 2618 377 2660 se
398 2619 509 2660 tristia
530 2618 693 2667 fuissent,
713 2617 737 2658 sl
757 2618 910 2668 maioris
931 2618 1014 2661 maii
1035 2618 1183 2662 levatus
1211 2616 1251 2658 fit
1273 2615 1411 2664 timor,

196 2673 232 2713 in
253 2673 429 2726 gaudium
450 2683 629 2729 vertunt,
649 2671 752 2716 XLV
767 2704 778 2724 ,
806 2685 873 2724 25·
