1670 3068
406 81 766 136 Ltssfirz
856 81 1154 138 XLIV.
1280 102 1395 159 423

122 225 368 292 postremo
411 245 581 277 omnes
611 231 714 288 s&
745 244 853 276 cum
886 226 1103 291 praefidio
1152 227 1170 294 [
1203 232 1336 295 quod
1369 250 1396 280 a

122 308 258 359 parte
293 296 630 344 Romanorum
656 298 806 361 ripam
834 294 1167 352 defendebat,
1197 314 1393 347 manum

121 361 394 412 conserunt.
449 362 565 412 Non
607 363 773 412 desunt
812 362 1028 412 auctores
1067 399 1084 422 ‚
1132 365 1212 428 qui
1254 364 1397 429 ipfius

119 427 268 477 Paulli
309 429 428 494 jussu
471 448 648 496 equum
691 430 905 479 detracto
951 429 1091 479 freno
1139 431 1396 495 impulsum

119 495 322 546 scribant
360 501 407 546 in
452 499 673 548 hostilem
721 502 870 563 ripam
905 536 922 558 ‚
981 495 1263 563 emissosque
1314 502 1396 564 qui

117 565 416 614 retraherent
439 603 454 624 ‚
480 581 530 614 ut
556 565 715 614 hostes
747 583 957 631 pugnam
990 568 1175 631 priores
1203 565 1398 615 lacesse·

118 648 243 681 rent.
280 632 473 681 Etenim
504 650 649 698 quum
680 635 850 699 viginti
876 632 1000 680 caesis
1026 631 1186 681 hostiis
1209 635 1395 684 litatum

120 717 221 748 non
255 700 370 750 esset
391 739 406 761 ‚
444 702 642 750 tandem
675 701 778 748 laeta
821 699 1060 765 vigesimae
1091 703 1257 765 primae
1286 717 1395 751 exta

44 798 47 799 ν
117 767 386 834 haruspices
411 770 473 817 ita
497 770 886 817 renuntiaverant
910 806 924 827 .,
954 785 1004 815 ut
1033 766 1266 816 Romanis
1292 786 1394 819 non

114 835 448 885 lacess'entibus
470 874 483 894 ,
519 837 599 885 sed
631 835 1002 885 defendentibus
1041 834 1135 884 sese
1167 873 1182 895 ‚
1228 836 1392 886 victo-

117 905 233 952 riam
259 907 616 970 promitterent.
650 902 882 954 Ceterum
906 941 921 962 ‚
948 902 1044 952 sive
1078 901 1277 952 consilio
1313 905 1396 953 du-

117 974 220 1032 cis,
256 972 353 1023 sive
391 973 496 1021 casu
519 1010 535 1033 ‚
574 973 632 1021 ab
677 973 770 1021 hoc
806 972 932 1020 certe
970 973 1103 1020 initio
1146 971 1393 1022 commiffa

113 1052 310 1107 pugna,
343 1041 443 1089 aliis
466 1041 604 1106 super
622 1040 738 1088 alios
768 1042 827 1088 ad
850 1039 1100 1088 ferendam
1130 1039 1219 1088 suis
1243 1057 1393 1106 opem

117 1112 358 1175 utrimque
388 1108 723 1157 advolantibus
743 1146 756 1167 ,
788 1109 927 1156 brevi
963 1109 1026 1155 ita
1060 1106 1254 1156 accensa
1289 1107 1391 1168 est,

115 1190 169 1224 ut
206 1177 352 1226 duces
385 1193 672 1242 cogerentur
706 1174 999 1224 descendere
1033 1176 1079 1222 in
1113 1175 1390 1224 universum

113 1243 308 1292 summae
337 1248 403 1293 rei
429 1244 694 1292 discrimen.
733 1244 956 1291 AEmilius
981 1245 1107 1291 enim
1130 1280 1143 1301 ‚
1184 1244 1393 1292 tumultu

114 1314 501 1362 concurrentium
524 1312 688 1361 audito
711 1350 725 1371 ‚
749 1313 974 1377 praetorio
995 1309 1200 1377 egressus
1216 1349 1231 1371 ‚
1258 1310 1392 1376 post-

116 1397 261 1445 quam
288 1400 465 1429 caecum
485 1384 722 1438 ruentium
748 1380 808 1427 ad
834 1397 963 1427 arma
988 1380 1223 1444 impetum
1244 1396 1393 1428 revo-

115 1465 221 1497 care
243 1466 320 1497 aut
341 1448 494 1497 sistere
520 1466 610 1497 nec
638 1449 775 1497 facile
804 1465 894 1496 nec
919 1462 1072 1495 tutum
1102 1447 1355 1495 videbatur
1375 1486 1395 1507 ,,

113 1518 349 1565 utendum
378 1517 548 1565 ardore
583 1518 783 1565 militum
817 1517 867 1563 ὃ(
899 1515 1054 1562 casum
1094 1516 1140 1562 in
1170 1514 1393 1563 occafio-

114 1601 228 1632 nem
267 1585 553 1634 vertendum
591 1585 792 1652 putavit.
829 1582 1001 1631 Educit
1031 1584 1192 1647 itaque
1225 1586 1393 1648 copias

113 1649 271 1700 castris
306 1691 321 1712 ‚
369 1652 418 1701 &
457 1652 649 1701 ordines
691 1652 1038 1717 interequitans
1082 1650 1301 1699 hortatur
1341 1665 1393 1700 ut

115 1722 381 1783 expetitam
407 1735 663 1785 tantopere
707 1737 917 1786 pugnam
960 1719 1062 1784 pari
1101 1717 1272 1766 ardore
1314 1735 1396 1766 ca-

112 1787 367 1853 pesserent.
417 1788 568 1837 Simul
613 1785 784 1836 Nasica
828 1785 1088 1853 praemiffus
1128 1787 1189 1834 ad
1223 1787 1395 1851 explo-

110 1857 313 1904 randum
341 1894 355 1916 ,
393 1874 490 1922 quo
518 1858 564 1904 in
597 1856 716 1907 statu
748 1872 823 1904 res
852 1853 1001 1905 effent
1037 1856 1160 1902 inter
1187 1857 1395 1919 primam

112 1926 291 1972 cientes
325 1942 538 1990 pugnam
559 1962 574 1985 ,
612 1925 878 1975 adventare
919 1921 1142 1971 instructo
1177 1924 1396 1971 exercitu

110 1990 333 2041 Perseum
367 1994 622 2042 nuntiavit.

182 2077 229 2109 2.
264 2059 407 2108 Primi
442 2059 657 2109 Thraces
693 2059 985 2109 incedebant
1007 2095 1022 2118 ‚
1062 2059 1184 2107 truci
1214 2057 1350 2106 vultu
1376 2095 1393 2118 ‚

111 2145 321 2194 corpore
350 2146 555 2192 procero
575 2166 588 2187 ,
624 2127 984 2193 splendentibus
1018 2128 1143 2174 miro
1175 2127 1391 2175 candore

109 2196 296 2261 clypeis
341 2197 516 2243 laevam
560 2195 779 2261 proteffi.
825 2195 1096 2243 Humerum
1133 2209 1390 2259 utrumque

108 2266 243 2330 nigra
274 2264 506 2314 vestiebat
538 2264 788 2328 chlamys:
827 2264 885 2311 ab
918 2264 1088 2311 dextro
1124 2263 1390 2310 immanem

109 2331 328 2395 pondere
349 2331 581 2380 frameam
603 2331 868 2380 identidem
893 2328 1220 2379 coruscabant.
1246 2328 1406 2400 Juxta·

109 2398 324 2448 Thracas
360 2398 611 2448 constitere
652 2398 875 2447 mercede
906 2397 1138 2447 conducta
1175 2398 1346 2447 auxilia
1369 2435 1391 2457 s

109 2466 299 2516 diverso
331 2469 455 2516 inter
480 2467 525 2515 se
556 2485 644 2531 pro
677 2465 872 2515 diversis
907 2467 1176 2515 nationibus
1202 2480 1390 2512 armatu

110 2534 369 2601 habituque
407 2553 416 2581 :
469 2537 515 2582 in
556 2535 625 2582 his
667 2535 715 2582 ὃ(
762 2534 958 2582 Paeones
992 2532 1142 2582 fuere.
1188 2531 1389 2580 Subibat

111 2620 284 2672 agmen
317 2602 650 2653 Macedonum
679 2601 887 2670 ipsorum
915 2639 928 2664 ‚
961 2619 1104 2669 quam
1131 2599 1390 2667 Leucaspi=

125 157 330 209 seclores
364 161 564 209 fluvium
595 158 860 227 transgreffi
892 160 1026 208 sunt:
1058 161 1168 209 dein
1204 162 1360 227 plures
1383 173 1608 225 ‚U.c.‘,840

1416 230 1606 272 av(ss.1080

1445 286 1591 338 Suppt0

1472 2056 1615 2114 I'ctski

1412 2120 1534 2163 acies.
