1670 3068
364 107 408 162 L
455 121 474 160 1
524 120 558 160 Β
606 121 640 161 E
683 122 724 162 R
808 106 866 162 X
894 107 956 160 L.
1225 121 1301 188 95

23 179 97 244 le,
129 185 204 233 hic
237 185 358 233 flore
382 204 395 245 3
421 185 650 233 fortunati
686 186 830 250 patris
864 199 1049 232 matura
1077 184 1268 236 soboles
1289 227 1303 248 ,
1325 208 1513 259 {lc-‚5704

22 253 56 303 fi
91 271 224 302 inens
255 251 361 315 sana
390 252 558 301 fuiffet.
600 253 715 302 Mos
747 268 874 311 erat,
914 251 1199 300 lustrationis
1224 255 1301 302 sa-
1323 249 1513 309 aasz.

23 340 107 371 cro
143 321 369 387 peracio,
407 324 668 370 exercitum
716 320 969 369 decurrere
992 357 1005 378 ‚
1045 322 1095 366 &
1132 321 1301 370 divisas

23 389 241 439 bifariam
272 390 387 437 duas
424 392 546 438 acies
576 405 864 438 concurrere
903 389 962 436 ad
1000 387 1302 438 simulacrum

18 476 211 524 pugnae.
237 458 377 525 Regii
409 457 608 520 juvenes
631 458 777 506 duces
803 459 847 505 ei
870 457 1054 504 ludicro
1076 460 1298 505 certami-
1351 465 1516 509 Ludii-ri

23 528 72 573 ni
100 526 199 574 dati
224 542 237 584 ;
267 529 481 575 ceterum
512 545 610 574 non
639 528 799 592 imago
836 524 924 573 fuit
950 542 1150 590 pugnae,
1183 524 1293 584 sed,
1315 529 1499 567 certami-

21 608 268 660 tamquam
312 595 371 642 de
422 612 574 660 regno
617 594 955 651 dimicaretur,
991 596 1051 639 ita
1092 611 1296 641 concur-
1316 603 1373 626 ‘²¹⁵
1390 590 1514 631 “130²

22 678 184 710 rerunt
219 681 228 709 ε
263 664 506 728 multaque
547 662 750 710 vulnera
789 660 978 708 sudibus
1011 659 1164 720 facia,
1205 679 1297 710 nec
1315 649 1465 716 Deme-

22 744 197 796 praeter
229 729 405 779 ferrum
439 731 695 795 quicquam
723 727 874 776 defuit
898 727 959 775 ad
981 726 1148 791 justam
1182 724 1432 778 beffimus.

23 797 248 863 speciem.
266 797 375 846 Pars
397 814 452 846 ea
478 815 584 863 quae
604 796 686 844 sub
705 796 966 845 Demetrio
1000 812 1101 844 erat
1119 833 1134 857 ,
1153 797 1301 864 longe

24 866 238 932 superior
281 865 368 914 fuit
405 883 419 925 ;
454 866 504 913 id
541 882 667 932 aegre
711 867 924 931 patiente
963 862 1169 923 Perseo,
1211 865 1302 912 lae-

24 937 109 982 tari
146 934 406 1000 prudentes
437 936 577 981 amici
608 931 744 997 ejus,
776 949 979 998 eamque
1017 949 1119 980 rem
1150 935 1303 998 ipsam

20 1000 182 1050 dicere
208 1003 510 1067 praebituram
534 1001 719 1050 causam
740 1001 1025 1049 criminandi
1046 999 1254 1065 juvenis.

88 1068 204 1118 VII.
222 1068 535 1119 Convivium
562 1087 622 1118 ec-
650 1069 725 1118 die
768 1068 1029 1128 sodalium,
1052 1071 1134 1136 qui
1164 1069 1303 1120 simul

23 1136 365 1198 decurrerant,
404 1154 604 1204 uterque
651 1139 850 1198 hahuit,
897 1155 1046 1204 quum
1098 1154 1300 1188 vocatus

22 1205 83 1254 ad
114 1223 306 1254 coenam
337 1208 395 1254 ab
431 1206 691 1256 Demetrio
724 1205 919 1254 Perseus
951 1203 1176 1274 negasset.
1207 1205 1302 1255 Fe-

16 1271 92 1322 sto
117 1273 193 1323 die
225 1276 443 1323 invitatio
470 1276 678 1342 benigna
700 1312 715 1333 ‚
751 1275 803 1323 &
841 1275 1048 1323 hilaritas
1075 1273 1301 1338 juvenilis

21 1340 244 1408 utrosque
290 1344 338 1390 in
369 1345 540 1402 vinum
584 1345 739 1392 traxit.
775 1340 1205 1392 Commemoratio
1234 1344 1302 1391 ibi

23 1412 294 1459 certaminis
326 1412 537 1471 ludicri,
577 1412 629 1460 &
666 1410 829 1476 jocosa
866 1410 987 1459 dicia
1030 1413 1077 1459 in
1127 1412 1302 1460 adver-

22 1476 163 1526 sarios
187 1517 201 1538 ‚
236 1481 371 1527 itaut
405 1497 464 1528 ne
493 1479 602 1546 ipsis
625 1481 822 1546 quidem
850 1479 1052 1528 ducibus
1087 1479 1302 1528 abstine-

23 1563 181 1605 retur,
217 1545 527 1609 jaciabantur.
559 1548 639 1596 Ad
673 1551 757 1596 has
799 1547 1109 1613 excipiendas
1150 1564 1300 1598 voces
1427 1587 1429 1589 .

22 1613 293 1679 speculator
343 1631 403 1663 ex
450 1618 670 1664 convivis
712 1615 868 1664 Persei
907 1615 1099 1676 miss'uS,
1151 1634 1299 1682 quum
1319 1619 1519 1675 Specula-

22 1684 256 1731 incautior
294 1683 666 1743 obversaretur,
706 1696 936 1748 exceptus
979 1702 1006 1732 a
1041 1682 1299 1746 juvenibus
1318 1695 1384 1752 tos
1411 1681 1514 1722 Per-

23 1748 149 1800 forte
181 1751 385 1800 triclinio
417 1750 609 1818 egreffis
630 1789 644 1811 ,
676 1753 799 1800 male
839 1751 1093 1800 mulcatur.
1140 1752 1297 1816 Hujus
1310 1741 1371 1797 se:
1408 1744 1514 1798 apud

25 1820 93 1868 rei
133 1821 321 1886 ignarus
358 1819 641 1869 Demetrius
661 1858 676 1881 ‚
721 1822 849 1886 Quin
883 1816 1159 1883 cormffiztum
1178 1859 1197 1880 ,
1223 1823 1297 1870 in·
1317 1806 1465 1873 Dfm‘

25 1889 127 1953 quit
148 1925 161 1946 ,
194 1886 452 1953 adftatrem
479 1890 596 1937 imus
627 1891 652 1937 ,Ρ
686 1890 730 1937 6²
761 1892 871 1936 iram
902 1887 1024 1953 ejus,
1051 1889 1099 1952 fi
1126 1908 1216 1954 quiz
1239 1909 1295 1937 ex
1314 1881 1446 1909 mum·

25 1957 258 2004 certamine
284 1958 433 2020 residet
451 1995 466 2015 ,
486 1958 781 2023 simplicitate
811 1957 856 2005 δ’
888 1957 1118 2005 hilaritate
1148 1960 1296 2025 nostra*

25 2022 215 2071 lenimus
238 2027 265 2073 ,Ρ
296 2024 489 2073 Omnes
514 2025 559 2073 se
587 2029 653 2074 ire
686 2026 1050 2074 conclamarunt
1076 2063 1092 2084 ,
1125 2041 1300 2091 praeter

25 2106 110 2140 eos
146 2094 223 2157 qui
270 2092 578 2159 speculatoris
619 2095 678 2141 ab
711 2093 755 2143 se
800 2093 966 2160 pulsati
1015 2094 1301 2159 praesentem

23 2160 260 2208 ultionem
296 2160 575 2210 metuebant
607 2178 622 2221 3
656 2180 804 2228 quum
835 2178 921 2210 eos
955 2179 1152 2228 quoque
1183 2160 1301 2212 De·-

26 2229 221 2275 metrius
269 2230 511 2289 traheret,
560 2228 740 2282 ferrum
784 2227 914 2279 veste
962 2230 1250 2279 abdiderunt
1283 2268 1300 2290 ,

28 2311 127 2361 quo
160 2294 205 2344 se
240 2298 412 2358 tutari,
437 2296 470 2345 si
501 2315 594 2363 qua
626 2300 698 2346 vis
728 2297 895 2357 fieret,
932 2296 1138 2364 possent.
1165 2297 1300 2347 Nihil

25 2363 203 2411 occulti
232 2361 322 2413 effe
353 2367 399 2412 in
429 2364 648 2415 intestina
680 2366 916 2415 discordia
942 2365 1099 2430 potest
1132 2381 1302 2426 3utra-

26 2447 120 2496 que
154 2431 326 2479 domus
350 2432 705 2498 speculatorum
739 2436 787 2482 ὃ(
822 2434 1129 2499 proditorum
1157 2434 1302 2499 plena

26 2514 139 2547 etat.
170 2499 199 2548 6
234 2499 537 2550 praecucurrit
560 2503 705 2552 index
732 2503 791 2552 ad
809 2502 974 2552 Persea
994 2540 1008 2563 ,
1035 2500 1164 2551 ferro
1195 2501 1302 2551 suc-

87 2585 112 2627 6
149 2587 404 2628 Praecucurric
440 2590 627 2631 index.m
690 2603 778 2632 cem
804 2590 1040 2643 adjecerunt
1071 2590 1196 2645 ignari
1217 2604 1307 2631 mo-

24 2648 244 2704 nuntians]
275 2649 514 2693 Postremam
559 2666 632 2695 vo·
694 2651 985 2696 risLiviiAEam
1004 2652 1306 2695 deleinus‚8uf0
