1670 3068
250 91 610 149 LtBER
704 85 1065 146 XXXIX.
1235 106 1306 167 23

37 187 100 222 ne
129 172 230 238 quis
255 170 405 220 affinis
432 173 474 220 ei
509 187 648 218 noxae
679 168 809 217 esset.
840 167 1038 219 Censuit
1063 182 1222 218 autem
1247 171 1312 219 se·
1330 180 1524 233 U,c.566,*

37 255 175 289 natus
196 279 209 301 ,
235 243 404 308 gratias
426 238 608 288 consuli
640 237 878 304 agendas,
904 237 1036 301 qu‘od
1070 254 1176 284 eam
1209 255 1312 286 rem
1327 237 1518 283 a.c·.186.

41 309 91 357 ἃ
114 325 232 371 ,ωσι
265 307 482 375 singulari
506 324 617 354 cura
635 343 648 365 ,
674 306 726 354 &
754 303 851 353 sme
885 305 983 352 ullo
1006 305 1208 353 tumultu
1239 306 1312 352 in-

36 373 319 444 vestigasset.
357 373 695 440 Quaestionem
728 372 904 422 deinde
934 373 994 420 de
1035 371 1313 420 Bacchana-
1351 385 1523 444 Qmsu.

38 444 160 492 libus
204 442 433 510 sacrisque
471 442 712 493 nosturnis
757 458 889 490 extra
930 439 1153 489 ordinem
1195 448 1377 488 con-de
1411 450 1524 489 Bac-

38 510 211 560 sulibus
255 512 484 560 mandant
518 530 528 559 :
560 511 796 559 indicibus
833 509 1030 558 AEbutio
1073 527 1127 556 ac
1165 507 1510 557 Fece-chartuli-

43 581 133 627 niae
153 617 168 637 ‚
198 597 258 629 ne
289 579 441 628 fraudi
461 597 518 627 ea
544 597 618 628 res
647 579 730 638 fit,
757 593 920 626 curare
941 615 954 634 ‚
986 591 1005 640 3
1040 577 1091 624 &
1114 577 1231 624 alios
1254 576 1316 624 il-
1333 569 1400 610 [Μ
1423 569 1527 626 Coff.

43 648 188 697 licere
225 666 280 696 ac
321 649 524 714 praemiis
554 648 760 694 invitare
799 643 969 708 jubent
998 661 1011 702 ;
1042 644 1316 693 sacerdotes
1332 634 1500 675 manda«

46 732 217 764 eorum
257 716 493 764 sacrorum
515 752 529 774 ,
567 714 646 763 seu
678 715 766 761 viri
799 713 878 761 seu
908 712 1103 760 feminae
1135 710 1283 762 essent
1303 705 1415 773 ,Μὴ

45 800 146 831 non
179 782 350 832 Romae
378 782 527 830 modo
546 819 561 841 ,
589 780 670 830 sed
693 798 779 848 per
805 784 970 829 omnia
994 778 1099 828 fora
1128 781 1179 828 ὅ(
1204 798 1323 829 con·

21 851 263 900 -ciliabula
307 851 562 916 conquiri,
609 864 661 899 ut
701 852 748 897 in
789 847 1037 897 consulum
1085 848 1328 913 potestate

50 917 195 967 essent
217 936 230 977 3
254 919 377 968 edici
402 932 631 984 praeterea
651 919 697 965 in
718 919 835 966 urbe
859 915 1019 965 Roma
1036 953 1052 974 ,
1073 917 1124 965 ὃς
1146 934 1231 980 per
1251 935 1332 966 to-

48 999 145 1035 tam
173 985 357 1035 Italiam
398 986 550 1035 edicta
583 988 741 1044 mitti,
780 989 855 1035 Ne
884 986 986 1049 quis
1015 986 1095 1050 qui
1126 987 1333 1034 Bacchis

50 1055 262 1103 initiatus
294 1052 425 1117 esset,
454 1051 584 1117 coc‘ſj}
612 1069 693 1102 aut
726 1049 977 1115 conveniffe
1008 1054 1153 1101 causti
1174 1052 1331 1116 sszcro-

52 1138 144 1172 rum
182 1123 296 1173 velit
316 1161 334 1182 ‚
380 1142 467 1171 neu
524 1124 638 1188 quid
686 1123 797 1170 talis
845 1123 905 1169 rei
955 1120 1124 1168 divinae
1156 1119 1331 1186 ftcffl.

52 1205 86 1252 4
111 1189 240 1240 Ante
279 1193 467 1250 omnia,
502 1207 552 1237 ut
582 1188 777 1256 quaestio
808 1189 867 1237 de
899 1190 968 1236 his
1005 1189 1236 1237 habeatur
1252 1190 1337 1255 qui

49 1256 247 1307 coissent
294 1256 677 1323 conjurassentve
713 1296 727 1316 ,
786 1259 884 1322 quo
931 1253 1143 1321 stuprum
1189 1257 1337 1324 flagi·-

53 1327 235 1376 tiumve
265 1325 536 1376 inferretur.
565 1326 682 1374 Haec
712 1325 900 1374 senatus
933 1324 1166 1374 decrevit.
1194 1323 1339 1374 Con-

53 1391 172 1442 sules
204 1395 416 1443 aedilibus
452 1395 694 1444 curulibus
723 1396 1018 1460 imperarunt
1042 1430 1059 1451 ,
1089 1410 1142 1441 ut
1178 1392 1341 1442 sacer-

54 1461 196 1510 dotes
227 1460 329 1526 ejus
362 1462 474 1511 sacri
504 1479 676 1512 omnes
708 1463 1081 1528 conquirerent,
1110 1478 1340 1527 compre-

55 1528 318 1597 hensosque
356 1531 510 1581 libero
546 1530 769 1580 conclavi
805 1529 866 1579 ad
897 1528 1214 1595 quaestionem
1247 1528 1343 1579 ser-

60 1644 241 1675 metuere
287 1634 427 1688 coepit.
474 1633 666 1689 Alioquin
730 1632 965 1674 tusconsulti
1012 1632 1139 1684 capita
1171 1645 1244 1684 per
1282 1635 1345 1672 in·

61 1696 210 1736 nullum
243 1695 340 1736 esset
380 1697 575 1747 verbum,
617 1696 666 1736 ad
720 1694 844 1752 finita
876 1693 1099 1734 efferuntur
1120 1722 1132 1737 ‚
1167 1694 1245 1733 hoc
1270 1706 1346 1746 per

64 1757 170 1811 quod
185 1756 407 1798 referretur
429 1759 474 1805 τὸ
495 1754 667 1813 quisque.
731 1758 967 1811 particulam
1003 1768 1059 1795 ut.
1096 1755 1205 1795 Nihil
1238 1755 1346 1796 enim

63 1824 148 1865 Vel
177 1825 267 1879 lege
300 1838 479 1879 quemque
499 1851 510 1871 ,
542 1836 585 1865 ut
607 1839 669 1866 re·
734 1819 911 1859 crebrius
941 1818 1042 1871 apud
1075 1817 1246 1857 Livium.
1278 1817 1347 1858 Sic

65 1895 180 1941 gatur
200 1887 247 1926 ab
279 1899 331 1926 eo
363 1887 469 1940 quod
501 1886 671 1940 praeces-
733 1881 761 1921 l·
792 1879 960 1919 XXXV
983 1910 994 1929 2
1030 1893 1065 1918 C·
1106 1892 1142 1927 5·
1180 1877 1349 1932 Eva-²⁶⁸

64 1946 110 1988 fit
129 1975 142 1993 ‚
174 1962 352 2002 pavor...
385 1947 504 2003 cepit.
662 1962 670 1970 ·
735 1957 863 1983 earum
884 1953 998 1981 extra
1021 1941 1193 1981 aciem...
1225 1940 1347 1981 mbu-

130 2008 528 2064 3Etaliosillicere]
552 2010 672 2051 Nem.
735 2019 806 2043 nos
839 2003 1007 2042 militum
1042 2004 1200 2042 educere
1224 2000 1351 2058 juffit.

66 2082 117 2124 pe
137 2100 148 2121 ‚
184 2071 353 2111 indices.
736 2064 881 2105 Inde...
915 2069 1098 2118 impetum
1131 2078 1180 2104 ex
1208 2078 1348 2119 aperto

127 2143 158 2180 4
177 2135 282 2172 Ante
301 2131 431 2172 omnia
449 2160 461 2179 ,
489 2145 532 2172 ut
573 2147 676 2187 qux.
729 2126 925 2182 facerent.
952 2126 997 2166 L.
1021 2125 1058 2166 X
1074 2155 1084 2171 ‚
1117 2140 1153 2166 c.
1176 2137 1250 2177 43.
1275 2126 1350 2167 Le·

59 2191 172 2246 fiio]
211 2193 308 2234 Haec
338 2195 462 2234 verba
491 2194 579 2234 sunt
612 2194 674 2235 se..
734 2203 866 2244 gazum
895 2203 976 2227 cum
997 2188 1150 2242 legione
1164 2188 1351 2241 ρνὶηια...

71 2255 383 2302 natusconsulti,
407 2270 487 2296 non
523 2256 671 2298 ediffl:
738 2250 794 2290 ire
833 2250 1015 2289 advers&
1040 2246 1248 2304 subfidium
1278 2253 1353 2289 bo·

71 2324 192 2368 atque
208 2316 309 2357 adeo
339 2317 495 2357 diverso
525 2317 674 2357 forma·
728 2312 846 2364 stium
872 2309 979 2366 suffit
1006 2325 1020 2350 .·
1053 2326 1286 2364 quocumque
1304 2315 1350 2353 in

71 2389 156 2417 rum
177 2379 556 2433 typographicarum
578 2381 675 2420 cha-
739 2375 828 2414 loco
840 2372 976 2427 fitiffet
1006 2372 1141 2414 obvius
1162 2402 1171 2420 .
1194 2373 1347 2427 obsiste-

71 2437 222 2478 rassere
251 2467 263 2486 ,
314 2441 421 2493 quod
466 2440 631 2482 fecimus
662 2470 675 2490 ,
741 2449 799 2477 ret
828 2450 875 2475 ac
904 2448 1147 2482 moraretur,
1175 2449 1353 2475 manum-

73 2499 244 2540 edenda.
267 2500 355 2542 Nec
376 2500 583 2543 offendere
610 2504 678 2544 de·
742 2513 862 2552 que...
905 2497 1118 2552 conftt‘ret·
1163 2495 1217 2540 Et
1253 2494 1349 2540 alibi

74 2560 145 2602 bet
160 2562 351 2603 orationis
380 2563 572 2605 struendae
591 2578 680 2605 mu·
742 2558 961 2616 saepiffime·

70 2622 208 2674 tatio,
244 2623 352 2680 quod
394 2636 533 2669 cetera
565 2624 682 2670 sena-
