1670 3068
347 106 461 184 398
614 107 1319 166 ‚T1T1ffi1xr11

143 187 587 254 U,c‚5g4,inviolato
619 187 777 236 fallaci
808 189 977 237 nuntio
1001 225 1014 246 ‚
1042 185 1217 252 (quod
1247 189 1328 234 vix
1357 184 1632 252 speraverat

148 255 447 322 a.C.105.ipse
467 255 600 322 poffe
621 261 906 323 contingere
931 256 952 322 )
987 271 1115 302 retro
1148 254 1208 302 ad
1228 253 1393 302 Istrum
1410 291 1428 314 ,
1451 271 1630 320 perpo-

347 325 501 391 pulati
539 323 831 384 Thraciam,
863 342 958 390 qua
984 324 1279 371 vicina'erat
1313 325 1405 371 viae
1429 359 1446 380 ‚
1477 323 1632 371 redie-

345 407 474 441 runt.
497 393 626 459 Quae
648 411 814 440 manus
836 430 849 447 ‚
887 393 1055 456 quieto
1075 389 1274 439 sedente
1294 408 1408 457 rege
1432 390 1492 438 ad
1515 388 1633 437 Eni-

347 478 497 526 peum
519 500 533 521 ‚
568 462 797 509 adversus
818 458 1073 507 Romanos
1096 458 1374 507 Perrhaebiae
1397 457 1562 506 saltum
1585 459 1633 506 in
1668 462 1670 490 ἶ

347 528 639 577 Thessaliam
670 526 879 575 traducta
899 564 914 588 ‚
945 546 1046 575 non
1075 544 1216 594 agros
1235 529 1422 577 tantum
1451 525 1635 574 nudare

348 597 635 662 populando
668 598 824 660 potuit
849 633 862 655 ,
893 612 954 644 ne
973 613 1094 659 quos
1119 595 1231 644 inde
1254 594 1466 645 Romani
1487 610 1634 642 com-

348 682 535 714 meatus
575 663 904 730 exspecharent
930 701 945 722 ‚
984 662 1066 712 sed
1098 663 1218 729 ipsas
1249 663 1528 712 exscindere
1550 678 1635 709 ur-

348 734 436 782 bes
461 770 475 791 ‚
511 747 710 782 tenente
745 734 804 780 ad
838 730 1079 798 Enipeum
1126 730 1298 782 Perseo
1341 731 1639 792 Romanos,

350 818 412 850 ne
433 801 628 850 urbibus
647 800 785 849 sociis
807 801 1032 866 opitulari
1057 798 1267 865 possent.
1300 798 1417 866 Ipsis
1439 814 1638 866 quoque

349 868 588 922 Romanis
623 869 683 918 de
730 867 777 918 se
829 868 1141 936 cogitandum
1188 867 1346 918 fuiffet
1383 884 1395 916 :
1443 866 1640 934 quando

351 955 512 1004 neque
540 950 736 987 manere
774 938 943 986 amissa
975 935 1246 996 Thessalia,
1281 936 1411 986 unde
1445 937 1642 985 exerci-

351 1019 427 1060 tus
475 1007 689 1055 alebatur
717 1042 730 1063 ‚
790 1004 1050 1070 potuissent
1081 1044 1096 1066 ,
1144 1022 1305 1072 neque
1359 1003 1589 1072 progredi
1624 1031 1644 1064 ‚-

355 1091 503 1139 quum
537 1091 598 1123 ex
625 1074 828 1123 adverso
861 1073 1008 1123 castra
1049 1074 1388 1124 Macedonum
1423 1073 1442 1138 [
1477 1071 1644 1122 effent.

354 1141 518 1191 Tanta
578 1142 832 1192 occafione
880 1160 907 1192 e
957 1144 1180 1192 manibus
1235 1142 1404 1191 amissa
1445 1139 1644 1189 Perseus

355 1209 696 1260 Romanorum
714 1213 901 1260 animos
916 1210 1250 1272 confirmavit,
1269 1207 1637 1274 Macedonum]

359 1281 440 1344 qui
475 1280 532 1328 ea
554 1280 887 1345 pependerant
915 1279 997 1346 spe
1020 1318 1034 1339 ‚
1063 1280 1192 1329 haud
1214 1280 1527 1328 mediocriter
1553 1277 1644 1325 de-

158 1342 348 1413 *Gentium
363 1348 584 1398 bilitavit.
617 1347 803 1397 Eadem
842 1349 1039 1396 avaritia
1075 1347 1312 1398 Gentium
1350 1364 1519 1414 regem
1563 1345 1648 1394 fibi

154 1422 193 1445 ¹¹²
213 1406 326 1477 fsqu—
365 1418 594 1466 alienavit
617 1434 626 1464 :
659 1434 773 1464 narn
809 1433 959 1482 quum
986 1434 1019 1477 4
1044 1430 1263 1466 trecenta
1294 1417 1475 1465 talenta
1499 1414 1646 1464 Penae

156 1469 326 1570 derm'
364 1483 509 1534 miffis
541 1504 568 1534 a
599 1482 785 1534 Gentio
807 1483 1093 1534 numeraffet
1115 1524 1129 1546 ‚
1168 1484 1350 1551 fignare
1371 1502 1458 1534 eos
1491 1500 1648 1549 pecu-

148 1545 200 1585 P⁶
240 1544 288 1573 ἐ’
363 1556 492 1602 niam
537 1552 689 1619 passus
719 1592 733 1614 ,
771 1552 886 1602 inde
922 1553 1095 1602 decem
1129 1554 1310 1602 talenta
1345 1551 1407 1601 ad
1435 1551 1646 1601 Pantau-

360 1623 506 1670 chum
539 1621 663 1670 mifit
693 1659 709 1682 ‚
748 1639 902 1688 eaque
936 1621 1185 1687 praesentia
1218 1622 1320 1670 dari
1355 1622 1456 1688 regi
1484 1617 1644 1686 juffit:

359 1692 594 1756 reliquam
627 1693 885 1756 pecuniam
917 1689 1148 1757 signatam
1196 1690 1475 1755 Illyriorum
1510 1687 1649 1755 figno

360 1762 665 1825 portantibus
683 1759 770 1808 suis
800 1761 1016 1825 praecipit
1038 1761 1197 1824 parvis
1220 1759 1468 1807 itineribus
1490 1759 1647 1806 vehe-

360 1842 497 1876 rent:
527 1829 639 1876 dein
660 1865 673 1884 ,
697 1845 844 1894 quum
865 1827 925 1875 ad
945 1826 1094 1875 finem
1115 1827 1423 1876 Macedoniae
1444 1840 1646 1874 ventum

196 1908 223 1932 ⁴
360 1894 478 1945 esset
499 1933 513 1956 ,
544 1894 839 1945 subsisterent
859 1896 921 1944 ibi
939 1933 953 1955 ‚
989 1913 1043 1944 ac
1065 1899 1260 1944 nuntios
1288 1895 1345 1944 ab
1376 1895 1422 1944 se
1449 1895 1650 1960 opperi-

359 1980 542 2016 rentur.
580 1963 789 2013 Gentius
813 1964 987 2030 exigua
1011 1981 1147 2030 parte
1177 1966 1393 2029 pecuniae
1419 1962 1616 2028 accepta
1633 1998 1654 2022 ,

363 2050 513 2098 quum
547 2031 724 2081 affidue
758 2051 785 2081 a
818 2032 1095 2082 Pantaucho
1130 2034 1190 2081 ad
1218 2030 1517 2081 lacessendos
1549 2032 1649 2079 ho-

362 2100 454 2150 stili
490 2101 618 2150 fa&o
651 2100 906 2150 Romanos
938 2100 1254 2151 stimularetur
1275 2139 1288 2160 ‚
1327 2100 1401 2148 Μ.
1436 2099 1649 2164 Perper-

363 2187 477 2218 nam
512 2170 563 2218 &
599 2170 652 2219 L,
674 2168 914 2219 Petillium
942 2171 1131 2236 legatos
1152 2209 1165 2232 ,
1206 2172 1286 2236 qui
1311 2183 1415 2217 tum
1442 2167 1567 2217 forte
1587 2165 1650 2215 ad

365 2254 479 2287 eum
507 2254 743 2287 venerant
762 2275 776 2298 ‚
801 2239 849 2286 in
878 2237 1139 2287 custodiam
1176 2237 1403 2303 conjecit.
1436 2237 1549 2285 Hoc
1567 2252 1652 2284 au·-

366 2306 469 2355 dito
487 2345 502 2366 ‚
532 2305 728 2356 Perseus
749 2306 1033 2355 contraxisse
1057 2324 1167 2356 eum
1193 2305 1495 2356 neceffitates
1524 2317 1653 2352 ratus

365 2376 427 2423 ad
460 2376 644 2424 bellum
678 2375 842 2441 utique
874 2393 983 2423 cum
1010 2374 1245 2424 Romanis
1273 2414 1287 2438 ‚
1325 2375 1385 2423 ad
1411 2390 1651 2424 revocan-

366 2443 482 2492 dum
522 2445 601 2510 qui
640 2445 901 2508 pecuniam
955 2444 1215 2509 portabant
1252 2481 1266 2504 ‚
1305 2441 1428 2492 mifit
1465 2460 1477 2491 t
1519 2440 1653 2491 velut

367 2513 484 2561 nihil
530 2512 660 2561 aliud
707 2528 896 2580 agens,
946 2511 1091 2578 quam
1127 2527 1176 2562 ut
1225 2527 1402 2579 quanta
1442 2511 1656 2559 maxima

386 2612 458 2648 ⁷4
520 2599 713 2640 Trecenta
769 2600 978 2653 talenta}
1044 2600 1212 2649 28125.
1266 2600 1436 2640 Decem.
1486 2597 1654 2639 Marcas

366 2659 530 2702 Mamas
575 2661 736 2718 argenti
780 2661 979 2704 nostrates
1042 2673 1163 2715 337,
1191 2662 1329 2703 uncias
1358 2674 1408 2711 4.
