1670 3068
382 100 735 156 LIBER
831 98 1051 155 XLI.
1228 114 1333 179 175

66 183 195 251 spem
225 181 512 245 concitabat.
553 178 764 229 Carab‘in
799 180 968 226 urbem
1013 177 1190 226 sociam
1233 178 1543 241 R0·U·C·57'4·

66 244 316 302 manorum
363 248 535 315 viginti
577 248 723 296 millia
764 244 1122 295 Celtiberorum
1177 245 1540 311 oppa-a.C.178.

0 362 1 366 ,
69 319 290 385 gnabant.
325 315 574 366 Gracchus
623 315 683 363 ad
722 332 869 380 opem
910 313 1047 363 sociis
1089 312 1343 363 ferendam

68 385 362 452 properavit.
397 382 480 432 Illa
530 382 799 432 sollicitudo
847 382 1089 449 angebat,
1130 397 1342 445 quonam

0 447 1 491 Ϊ
66 454 214 502 modo
237 451 481 500 confilium
509 449 641 500 suurn
674 448 865 500 obseffis
891 448 1177 516 significaret
1197 486 1210 508 ‚
1245 463 1343 497 tam

66 520 189 570 3τὲὶὲ
220 519 469 570 obsidione
512 520 839 584 prementibus
879 518 1049 566 urbem
1092 514 1302 565 hostibus
1326 555 1342 577 ‚

66 601 115 636 ut
145 590 225 637 vix
263 588 323 636 eb
357 588 546 635 nuntius
585 603 862 636 commeare
912 584 1044 650 poffe
1080 585 1341 634 videretur.

63 655 280 704 Arduum
315 657 566 722 negotium
601 655 849 720 expedivit
876 652 1093 702 Cominii
1126 653 1342 703 audacia.

65 721 110 773 Is
139 727 352 789 equitum
382 739 547 771 turmae
579 721 830 788 praefeGius
850 758 863 781 ‚
900 739 950 769 re
981 722 1109 787 prius
1144 720 1271 786 apud
1294 719 1343 770 se

101 791 331 857 emensa,
363 792 412 839 ὃ(
433 788 661 840 Graccho
690 790 804 857 quid
837 803 1024 855 pararet
1052 788 1304 838 admonito
1323 825 1339 847 ‚

63 808 321 925 hispanico
349 859 539 907 indutus
576 857 688 925 sago
739 856 1099 924 pabulatoribus
1135 855 1342 905 hostium

59 925 112 975 -se
143 925 409 975 immiscuit.
457 924 585 975 Cum
637 927 706 973 his
749 925 895 974 castra
934 923 1193 992 ingressus,
1231 926 1342 973 hinc

62 993 193 1044 cursu
223 995 282 1043 ad
310 994 481 1043 urbem
528 993 809 1055 contendit,
839 995 1118 1059 nuntiatque
1152 991 1343 1042 adven·-

61 1076 161 1112 tare
207 1061 478 1111 Tiberium.
510 1060 760 1128 Oppidani
803 1079 862 1111 ex
905 1061 1071 1108 ultima
1115 1060 1346 1127 despera-

62 1131 195 1179 tione
223 1130 281 1178 ad
308 1131 602 1179 alacritatem
634 1146 778 1196 atque
804 1129 1050 1178 audaciam
1086 1128 1180 1177 hoc
1215 1147 1343 1177 nun-

63 1199 130 1247 tio
158 1201 350 1248 excitati
379 1237 393 1259 ,
429 1197 695 1247 obfirmatis
743 1198 803 1246 ad
836 1197 1024 1246 fortiter
1069 1214 1344 1262 repugnan-

63 1265 176 1314 dum
213 1269 380 1314 animis
401 1304 413 1324 ‚
443 1267 520 1316 die
558 1269 702 1314 tertio
726 1304 742 1326 ‚
775 1266 987 1314 adventu
1024 1264 1232 1314 Gracchi
1270 1268 1342 1313 di-

62 1332 224 1401 greffis
266 1335 475 1383 hostibus
498 1373 512 1392 ,
545 1334 800 1383 obsidione
833 1337 1048 1399 exempti
1084 1332 1205 1382 sunt.
1238 1333 1342 1399 Ipse

63 1401 228 1469 postea
247 1401 493 1452 Gracchus
520 1401 684 1452 fraude
712 1402 1026 1450 barbarorum
1062 1404 1300 1467 appetitus
1325 1440 1340 1463 ‚

29 1471 323 1537 ‚periculum
355 1472 534 1519 viribus
567 1487 666 1520 arte
707 1471 880 1534 adjutis
913 1472 977 1518 ita
1010 1468 1214 1519 discussit
1235 1506 1250 1529 ‚
1287 1486 1341 1520 ut

61 1538 200 1587 dolus
227 1540 276 1588 in
302 1539 520 1588 auEtores
545 1553 775 1588 verteret.
804 1538 1082 1605 Complega
1103 1554 1202 1587 erat
1224 1540 1338 1588 urbs

61 1607 245 1673 aliquot
286 1608 394 1655 ante
435 1609 572 1655 annis
601 1608 794 1656 condita
822 1646 836 1667 ‚
876 1608 956 1656 sed
994 1607 1153 1655 valida
1190 1610 1336 1656 muris

61 1675 113 1722 ὃ(
144 1676 377 1723 celeribus
411 1677 721 1729 incrementis
745 1675 909 1735 anea,
941 1678 988 1723 in
1024 1693 1168 1740 quam
1202 1678 1340 1724 multi

58 1741 380 1809 Hispanorum
430 1758 803 1802 concurrerant,
851 1745 930 1809 qui
965 1746 1092 1810 prius
1138 1760 1340 1810 egentes

60 1828 175 1878 agro
211 1812 300 1860 huc
337 1813 445 1861 illuc
479 1816 638 1879 vagari
669 1812 980 1879 cogebantur.
1015 1810 1086 1860 Ex
1121 1829 1177 1861 ea
1218 1815 1338 1862 urbe

60 1880 353 1944 prodeuntes
392 1880 451 1928 ad
489 1882 658 1948 viginti
699 1881 951 1929 hominum
992 1881 1172 1940 millia,
1219 1881 1338 1946 sup-

61 1947 233 2012 plicum
262 1949 455 2008 habitu,
481 1948 731 2014 ramosque
765 1949 885 1997 oleae
918 1951 1254 2015 porrigentes,
1289 1953 1339 1999 in

62 2014 315 2080 conspe&u
354 2015 612 2065 castrorum
654 2032 896 2082 tamquam
947 2035 1116 2083 pacem
1159 2021 1339 2068 oraturi

61 2082 382 2133 constiterunt.
411 2084 533 2133 Mox
566 2082 759 2147 abjecstis
796 2089 1096 2150 precantium
1139 2085 1338 2152 insigni-

60 2151 147 2198 bus
174 2169 230 2200 ex
253 2152 513 2218 improviso
546 2151 744 2220 aggreffi
773 2152 1051 2212 Romanos,
1078 2172 1257 2219 pavore
1280 2171 1338 2204 ac

60 2220 268 2268 tumultu
316 2224 477 2269 onmia
530 2222 920 2287 compleverunt.
973 2221 1220 2271 Gracchus
1264 2222 1338 2271 sa-

61 2289 210 2351 pienti
238 2288 433 2337 consilio
462 2287 607 2337 castra
635 2306 720 2355 per
738 2288 1089 2339 simulationem
1106 2289 1229 2356 fugae
1255 2291 1339 2339 de-

58 2354 232 2403 seruit:
269 2373 372 2421 quae
405 2357 474 2405 illi
516 2357 629 2405 dum
672 2356 809 2406 solita
857 2358 1065 2406 barbaris
1105 2359 1338 2407 aviditate

35 2446 39 2453 ·
61 2422 286 2487 diripiunt
308 2461 320 2482 ‚
346 2423 538 2490 seseque
573 2425 735 2492 praeda
763 2427 1063 2491 praepediunt
1082 2462 1096 2484 ‚
1121 2426 1337 2474 reversus

59 2488 239 2550 subito,
267 2491 318 2539 ἃ
348 2492 463 2540 nihil
493 2493 585 2542 tale
617 2508 888 2543 metuentes
921 2494 1118 2543 adortus
1141 2531 1154 2551 ‚
1191 2495 1337 2558 pluri-

63 2574 167 2605 mos
197 2559 369 2607 cecidit
393 2597 406 2618 ,
433 2575 573 2626 atque
596 2564 738 2609 etiam
768 2563 871 2627 ipsa
899 2563 1016 2610 urbe
1049 2563 1229 2626 potitus
1249 2561 1336 2611 est.

55 2622 178 2675 —Sunt
214 2629 293 2693 qui
311 2644 411 2677 rem
438 2628 572 2679 aliter
601 2645 790 2679 narrent
813 2647 823 2678 :
846 2628 1122 2678 Gracchum
1147 2667 1162 2691 ‚
1187 2647 1335 2698 quum

932 2697 979 2746 H
1015 2699 1064 2749 iv
