1670 3068
352 104 470 181 478
638 104 693 163 T
738 123 758 162 1
803 122 843 162 T
887 122 908 164 1
995 106 1041 162 L
1085 122 1106 161 1
1151 122 1196 160 v
1240 121 1261 161 1
1305 120 1329 161 1

138 184 686 253 U-q-ssssfflronuntiavit
726 186 943 249 deinde,
993 204 1026 245 4
1072 202 1232 251 neque
1285 184 1632 248 connubiumg

141 244 507 320 a·(⁴·²67·1⁴teque
554 257 904 305 commercium
949 270 1177 319 agrorum
1222 252 1630 320 aedificiorumque

347 323 475 371 inter
509 321 555 371 se
575 361 592 383 ,
627 323 818 388 piacere
843 323 1065 386 cuiquam
1097 336 1230 370 extra
1269 319 1389 370 fines
1419 324 1632 388 regionis

345 390 438 439 suae
483 390 594 440 esse.
650 389 852 439 Metalla
892 405 1087 454 quoque
1123 389 1219 436 auri
1258 402 1402 454 atque
1446 391 1632 455 argenti

349 476 453 507 ²‘non
480 460 695 508 exerceri
718 475 729 505 :
764 457 875 505 ferri
907 458 958 505 ἃ
979 459 1080 504 aeris
1104 458 1318 522 permitti
1343 475 1356 514 ;
1391 457 1596 523 veciigal
1616 495 1632 518 ‚

343 526 681 575 exercentibus
707 563 722 586 ‚
760 525 1014 573 dimidium
1043 516 1146 587 eius
1179 523 1454 586 impositum
1494 526 1628 591 quod

342 591 680 658 pependissent
722 596 844 659 regi.
885 591 945 641 Et
979 592 1071 641 sale
1114 591 1308 641 invecto
1341 595 1409 641 uti
1453 595 1626 644 vetuit.

340 661 584 710 Dardanis
618 661 947 726 repetentibus
986 659 1232 708 Paeoniam
1253 697 1267 719 ‚
1302 660 1436 726 quod
1465 661 1514 708 ἃ
1546 661 1625 711 sua

339 727 496 778 fuisset
515 767 530 788 ,
569 729 621 777 ὅ(
644 733 898 778 continens
922 726 1036 777 effer
1060 727 1230 777 finibus
1252 727 1342 776 suis
1360 766 1374 787 ‚
1400 726 1623 779 omnibus

338 796 453 846 dare
490 797 762 846 libertatem
813 798 1182 863 pronuntiavit,
1226 798 1307 862 qui
1347 795 1430 845 sub
1472 814 1624 863 regno

337 864 498 914 Persei
517 863 720 913 fuissent.
755 864 866 913 Post
888 882 989 913 non
1014 866 1322 930 impetratam
1342 863 1586 913 Paeoniam
1607 903 1624 929 ,

345 948 367 999 5
403 933 505 982 salis
530 935 880 981 commercium
919 933 1088 980 dedit:
1130 935 1280 982 tertiae
1306 935 1492 1000 regioni
1531 935 1625 996 im7

336 1003 527 1066 peravit
549 1039 563 1060 ‚
598 1015 650 1048 ut
684 1000 863 1050 Stobos
900 999 1108 1049 Paeoniae
1146 1001 1480 1062 deveherent,
1518 1019 1625 1067 pre-

337 1071 556 1134 tiumque
600 1067 773 1118 statuit.
828 1067 1068 1118 Navalem
1114 1070 1364 1117 materiam
1404 1070 1456 1117 ἃ
1493 1069 1620 1135 ipsos

339 1137 528 1186 caedere
552 1175 566 1196 ‚
607 1137 659 1185 &
694 1138 811 1185 alios
839 1139 938 1201 pati
970 1138 1142 1185 vetuit.
1182 1136 1486 1203 Regionibus
1515 1157 1620 1203 quae

339 1204 511 1255 affines
543 1205 751 1253 barbaris
780 1204 929 1253 essent
968 1204 989 1272 (
1016 1205 1224 1271 excepta
1247 1222 1407 1254 autem
1435 1207 1574 1254 tertia
1601 1245 1616 1268 ,

341 1290 515 1322 ornnes
541 1272 715 1340 erant)
748 1272 961 1338 permisit
986 1311 999 1332 ‚
1032 1288 1082 1321 ut
1118 1272 1332 1339 praesidia
1364 1290 1544 1323 armata
1568 1276 1616 1324 in

339 1340 517 1390 finibus
541 1343 774 1391 extremis
805 1342 1058 1391 haberent.

406 1409 571 1458 XXX.
606 1410 726 1457 Haec
757 1412 1066 1474 pronuntiata
1099 1410 1256 1474 primo
1290 1409 1367 1457 die
1394 1427 1617 1459 conven-

335 1475 447 1537 tfis‚
483 1479 618 1526 varie
652 1475 914 1527 affecerunt
954 1480 1161 1527 animos.
1191 1477 1407 1526 Libertas
1444 1493 1616 1544 praeter

333 1544 471 1611 spem
507 1546 616 1594 data
648 1548 822 1594 arrexit
844 1584 859 1606 ‚
902 1548 955 1594 &
985 1547 1198 1594 levatum
1232 1562 1440 1594 annuum
1463 1546 1614 1595 vecii-

333 1615 428 1679 gal.
465 1615 779 1681 Regionatim
808 1616 1110 1664 commerciis
1134 1615 1412 1680 interruptis
1439 1615 1502 1664 ita
1531 1618 1612 1664 vi·-

336 1683 438 1730 deri
470 1683 696 1743 lacerati,
732 1698 981 1748 tamquam
1015 1683 1235 1731 animalia
1261 1685 1308 1730 in
1337 1697 1462 1731 artus
1497 1683 1613 1732 alte-

177 1772 320 1817 Partes
334 1768 441 1797 rum
479 1752 669 1799 alterius
698 1750 971 1817 indigentes
999 1750 1245 1799 distracta:
1280 1750 1405 1800 adeo
1437 1766 1612 1816 quanta

122 1838 321 1879 Macedo·
337 1818 632 1867 Macedonia
663 1817 816 1877 esset,
849 1819 995 1886 quam
1029 1819 1196 1868 divisui
1220 1817 1371 1868 facilis
1392 1857 1406 1881 ‚
1443 1820 1472 1869 6
1492 1820 1542 1869 ὅ(
1564 1819 1611 1871 se

123 1902 196 1940 m‘ae
216 1917 306 1955 qua·
334 1886 433 1952 ipsa
473 1904 676 1954 quaeque
710 1902 940 1936 contenta
971 1906 1078 1953 pars
1111 1885 1227 1936 effet
1256 1925 1270 1947 ‚
1306 1887 1611 1938 Macedones
1669 1904 1670 1927 I

120 1974 225 2002 eaor.
334 1954 531 2022 quoque
564 1956 867 2023 ignorabant.
905 1955 1016 2005 Pars
1042 1957 1195 2023 prima
1215 1954 1410 2006 Bisaltas
1431 1955 1613 2019 habet,

387 2106 418 2142 4
435 2093 573 2147 Neque
590 2093 821 2133 connubium
836 2122 848 2139 ,
873 2109 937 2134 ne·
1000 2094 1156 2147 peravit
1186 2094 1317 2135 tertiae
1335 2094 1515 2150 regioni,
1540 2094 1607 2136 ubi

325 2169 396 2209 que
416 2156 712 2208 commercium]
737 2156 820 2197 Jam
839 2156 935 2196 olim
999 2157 1182 2197 nimirum
1215 2157 1382 2196 maxima
1411 2157 1498 2197 salis
1534 2171 1606 2197 co·

326 2215 456 2257 fimilis
473 2217 540 2256 lex
559 2231 578 2255 a
596 2216 786 2258 Romanis
810 2217 908 2257 dieta
923 2249 935 2269 ,
997 2219 1061 2270 pia
1091 2230 1175 2258 erat
1191 2246 1204 2266 ,
1240 2230 1284 2259 ut
1310 2219 1459 2259 Stobos
1480 2218 1607 2258 deve·

323 2277 474 2317 Latinis
497 2279 537 2318 3<
559 2278 745 2319 Hernicis
764 2311 775 2330 ,
796 2280 900 2321 VIII
920 2307 932 2327 ,
996 2281 1143 2320 herent
1175 2309 1189 2326 ‚
1254 2280 1360 2334 quod
1413 2280 1602 2334 oppidum

327 2351 384 2390 14
405 2368 417 2386 ,
447 2339 531 2387 IX,
565 2352 640 2392 43.
995 2342 1100 2381 haud
1130 2343 1271 2396 procul
1299 2344 1476 2384 aberata
1494 2341 1602 2383 Dat-

390 2415 410 2452 ς
431 2401 540 2442 Salis
573 2402 836 2441 commercium
867 2403 931 2441 de·
997 2404 1189 2444 danorum
1210 2403 1368 2444 finibus.
1638 2418 1643 2427 '⁴

322 2462 414 2512 dic]
449 2462 629 2503 Permisit
654 2463 853 2503 Dardanis
876 2463 930 2503 sa·
1056 2465 1081 2505 6
1099 2466 1155 2505 Ec
1171 2463 1317 2519 seipsa
1342 2479 1491 2520 quaeque
1510 2479 1599 2505 con-

318 2526 398 2564 iem
431 2539 480 2564 ex
510 2525 753 2565 Macedonia
777 2540 929 2565 merca·
992 2538 1103 2565 tenta
1136 2527 1262 2581 pars]
1296 2528 1338 2567 ld
1364 2527 1416 2567 est
1438 2555 1448 2574 ‚
1481 2530 1616 2579 quam,

315 2586 377 2626 ti:
418 2600 534 2638 quem
564 2597 608 2626 ut
637 2585 789 2626 facilins
819 2587 928 2627 Dar·
991 2587 1060 2627 fibi
1093 2588 1172 2642 ipsa
1198 2602 1367 2646 quaeque
1400 2603 1489 2643 pars
1522 2587 1595 2629 suf·

316 2647 407 2691 dani
439 2649 587 2689 habere
629 2648 786 2703 poffent
805 2677 819 2695 ,
849 2649 927 2689 im·
990 2648 1148 2692 ficeret.
