1670 3068
105 193 293 246 U.c.5687

106 250 296 301 a-C.184v

105 352 175 394 M.
198 353 301 396 Por·

107 416 162 455 cii
182 419 301 459 Caco-

106 477 170 517 m's
196 479 280 521 lau·

101 538 188 583 des.

311 101 394 174 64
601 101 657 161 T
699 120 719 160 1
762 121 804 161 τ
848 120 870 160 1
969 106 1014 162 L
1061 121 1083 162 1
1126 121 1174 159 v
1215 122 1240 162 1
1280 120 1304 161 1

313 180 476 242 Cato,
506 182 579 233 M.
611 184 808 234 Fulvius
837 184 1102 246 Nobilior,
1137 184 1217 235 Ti.
1252 186 1300 233 &
1339 183 1414 235 M.
1448 183 1602 236 Sem*

315 253 473 316 pronii
493 290 508 313 ‚
542 252 738 320 Longus
777 254 828 302 &
862 252 1131 302 Tuditanus
1159 271 1174 313 3
1200 253 1281 302 sed
1311 270 1482 302 omnes
1508 271 1596 319 pa-

314 321 478 369 tricios
515 320 829 387 plebeiosque
881 321 1273 370 nobiliffimarum
1309 321 1598 369 familiarum

318 387 393 436 M.
424 388 617 438 Porcius
644 390 792 455 longe
830 392 1056 438 anteibat.
1094 388 1148 438 In
1182 391 1274 438 hoc
1321 390 1426 437 viro
1465 403 1599 437 tanta

314 458 388 505 vis
436 459 581 505 animi
635 458 910 522 ingeniique
963 456 1053 505 fuit
1087 495 1101 516 ‚
1150 474 1240 517 ut,
1288 472 1595 522 quocumque

316 525 432 572 loco
470 540 606 572 natus
650 523 800 584 estet,
838 524 1081 573 fortunam
1127 523 1213 572 sibi
1246 527 1344 588 ipie
1395 524 1602 572 faEiurus

312 589 451 640 fuisse
488 593 752 640 videretur.
794 591 937 641 Nulla
986 610 1060 640 ars
1092 629 1109 651 ‚
1148 609 1305 656 neque
1358 594 1560 656 privatae
1584 627 1600 652 ,

314 676 477 725 neque
515 660 720 724 publicae
749 661 815 709 rei
846 661 1070 728 gerendae
1092 697 1106 720 ‚
1134 662 1175 709 ei
1222 658 1391 707 defuit.
1433 659 1600 708 Urba-

313 744 399 777 nas
434 726 716 795 rusticasque
755 746 829 777 res
877 731 1053 794 pariter
1090 728 1311 776 callebat.
1343 726 1423 774 Ad
1467 727 1600 775 sum-

312 812 424 845 mos
473 796 689 845 honores
734 796 852 844 alios
887 796 1079 845 scientia
1118 795 1228 859 juris
1263 833 1282 855 ‚
1328 796 1447 843 alios
1490 795 1600 845 elo-

311 866 511 930 quentia
534 902 549 924 ,
580 867 701 913 alios
749 864 902 930 gloria
937 866 1149 913 militaris
1181 864 1408 929 provexit
1445 881 1457 922 3
1493 864 1603 911 huic

311 933 535 982 versatile
566 934 810 998 ingenium
849 931 910 980 sic
947 934 1123 999 pariter
1153 933 1214 980 ad
1261 933 1424 980 omnia
1462 930 1553 980 fuit
1587 968 1603 991 ‚

314 1015 369 1049 ut
402 1016 569 1049 natum
617 1004 677 1048 ad
721 1000 768 1047 id
805 1017 950 1048 unum
995 1002 1214 1061 dicereS‚
1255 999 1601 1066 quodcumque

312 1084 497 1135 ageret.
538 1068 588 1117 In
630 1068 763 1117 bello
812 1086 957 1117 manu
1000 1067 1306 1127 foi-nisurum,
1344 1068 1602 1133 multisque

312 1135 569 1203 insignibus
591 1137 741 1185 clarus
770 1139 940 1203 pugnis
968 1154 983 1196 ·‚
1007 1138 1136 1186 idem
1158 1176 1171 1195 ‚
1201 1135 1512 1203 posteaquam
1539 1135 1601 1183 ad

316 1221 522 1272 magnos
563 1206 778 1254 honores
821 1208 1046 1271 pervenit
1075 1243 1090 1265 ‚
1131 1204 1339 1252 summus
1391 1207 1607 1269 impera-

316 1286 396 1322 tor
423 1291 434 1321 :
466 1274 596 1322 idem
632 1276 680 1321 in
711 1289 827 1337 pace
849 1312 860 1330 ‚
894 1271 928 1321 si
956 1273 1026 1337 jus
1062 1273 1332 1322 consuleres
1361 1309 1374 1331 ‚
1407 1271 1603 1338 peritis-

316 1339 459 1390 fimus
492 1358 507 1402 3
536 1340 568 1389 fi
601 1340 739 1390 causa
766 1341 947 1390 oranda
985 1340 1131 1402 esset,
1160 1339 1612 1407 eloquentissimum

317 1427 410 1458 nec
434 1412 471 1457 is
494 1412 681 1459 tantum
702 1448 715 1469 ‚
748 1408 882 1474 cujus
917 1410 1078 1477 lingua
1109 1412 1227 1458 vivo
1266 1427 1327 1458 eo
1360 1409 1602 1476 viguerit,

316 1495 697 1528 monumentum
733 1478 1025 1543 eloquentiae
1056 1478 1240 1525 nullum
1277 1476 1424 1526 exstet
1445 1495 1456 1524 :
1481 1478 1603 1526 vivit

319 1547 474 1595 immo
500 1549 731 1613 vigetque
749 1547 1028 1612 eloquentia
1046 1544 1147 1608 ejus
1170 1584 1183 1605 ,
1211 1546 1387 1593 sacrata
1425 1544 1610 1611 scriptis

317 1617 477 1664 omnis
513 1617 717 1682 generis.
754 1611 1017 1664 Orationes
1041 1615 1088 1662 ὃ(
1125 1632 1214 1680 pro
1260 1612 1305 1661 se
1334 1612 1523 1672 multae‚
1549 1613 1603 1661 δί

313 1700 406 1749 pro
443 1684 544 1731 aliis
567 1721 581 1742 ,
607 1684 733 1731 &in
761 1683 881 1731 alios
908 1700 921 1735 2
945 1701 1053 1730 nam
1076 1699 1173 1730 non
1204 1681 1357 1730 solum
1378 1680 1605 1729 accusan-

315 1751 415 1810 do,
439 1751 520 1800 sed
549 1753 695 1800 etiam
729 1751 916 1798 causam
950 1750 1158 1799 dicendo
1191 1749 1411 1816 fatigavit
1446 1750 1611 1797 inimi-

315 1837 421 1868 cos.
456 1834 477 1883 3
512 1818 791 1868 Simultates
827 1820 977 1867 nimio
1015 1819 1174 1885 plures
1201 1819 1252 1866 &
1284 1831 1606 1867 exercuerunt

316 1903 428 1937 eum
449 1925 465 1948 ‚
495 1888 549 1937 &
582 1886 681 1953 ipse
712 1889 924 1936 exercuit
953 1903 1068 1946 eas;
1097 1904 1186 1936 nec
1221 1886 1358 1935 facile
1392 1886 1566 1935 dixeris
1591 1922 1609 1945 ‚

316 1958 478 2005 utrum
518 1957 670 2023 magis
707 1953 921 2020 preffetit
969 1972 1080 2004 eum
1130 1954 1354 2003 nobilitas
1382 1992 1396 2014 ,
1429 1973 1487 2002 an
1526 1955 1608 2003 ille

315 2025 570 2091 agitaverit
625 2023 950 2072 nobilitatem.
1005 2022 1178 2089 Asperi
1234 2024 1404 2087 procul
1456 2022 1610 2071 dubio

318 2094 504 2152 animi,
539 2092 590 2141 ὃ(
627 2092 802 2157 linguae
842 2091 1025 2140 acerbae
1062 2092 1114 2140 &
1148 2091 1412 2140 immodice
1445 2090 1608 2140 liberae

315 2160 408 2210 fuit
435 2177 445 2207 :
473 2160 554 2210 sed
590 2160 752 2209 invicti
785 2178 810 2207 a
848 2160 1187 2224 cupiditatibus
1221 2161 1400 2217 animi,
1439 2160 1489 2206 ὃ(
1535 2161 1609 2207 ri-

316 2228 445 2297 gidae
472 2230 766 2278 innocentiae
795 2244 809 2287 ;
838 2245 1150 2293 contemptor
1184 2230 1344 2293 gratiae
1365 2263 1378 2285 ‚
1414 2227 1609 2276 divitia-

319 2314 425 2346 rum
458 2313 469 2344 ε
501 2299 546 2345 in
583 2296 870 2362 parsimonia
892 2336 907 2355 ‚
930 2298 977 2344 in
1009 2298 1241 2362 patientia
1275 2295 1450 2344 laboris
1479 2295 1611 2361 peri-

320 2364 513 2430 culique
534 2403 547 2424 ‚
568 2364 708 2414 ferrei
741 2382 895 2431 prope
921 2366 1139 2430 corporis
1166 2366 1440 2430 animique:
1464 2380 1616 2430 quem

319 2450 383 2483 ne
410 2432 623 2482 seneffius
653 2434 849 2500 quidem
878 2472 898 2492 ,s
932 2451 1038 2500 quae
1072 2432 1213 2482 solvit
1259 2433 1423 2481 omnia
1447 2469 1462 2491 ,
1503 2431 1610 2481 fre-

385 2543 409 2585 3
433 2532 665 2573 Simultates
696 2530 815 2572 nimio
845 2530 934 2586 pla·
1000 2545 1121 2582 eum,
1150 2531 1190 2572 ὅ(
1227 2531 1311 2586 ipse
1340 2544 1410 2570 eos
1447 2528 1612 2570 vieiffim

322 2595 416 2647 res]
439 2597 590 2636 lni.u·.ci
605 2625 616 2643 ,
636 2609 736 2650 quos
759 2593 933 2646 permul-
1000 2594 1185 2636 exercuit
1209 2608 1254 2635 ac
1282 2589 1491 2649 fatigavit,

324 2664 394 2698 tos
426 2657 564 2699 habuit
598 2684 614 2707 ‚
666 2664 942 2702 exercuerunt.
996 2692 1000 2695 .
