1670 3068
392 107 755 164 LIBER
853 104 1097 163 XLV.
1238 123 1350 185 475

85 181 215 230 dium
235 199 251 245 3
274 203 355 234 arx
377 204 572 254 quoque
604 186 658 236 &
689 184 891 235 Isthmus
919 185 1166 252 praebuere
1186 185 1359 251 specia-
1374 196 1566 248 U10-535·

22 303 24 307 7
83 251 270 301 culum:
307 273 389 303 arx
417 256 540 304 intra
559 256 755 303 fmoenia
792 255 840 302 in
864 255 1128 301 immanem
1148 255 1358 302 altitudi·
1373 254 1566 304 -2-C-1‘23'·

19 326 34 383 'A
82 335 195 367 nem
237 321 399 382 edita,
447 322 628 371 scatens
671 322 885 371 fontibus
923 339 932 370 :
977 319 1212 381 Isthmus,
1260 322 1359 372 duo

43 386 46 389 ’
81 388 230 434 maria
264 390 324 437 ab
362 389 528 438 occasu
569 390 621 438 ὃ(
661 404 769 438 ortu
806 389 914 438 solis
940 387 1141 436 finitima
1169 425 1184 448 ‚
1222 389 1359 437 arffis

80 452 297 505 faucibus
349 456 593 506 dirimens».
649 456 917 522 Sicyonem
958 456 1075 514 inde¹
1110 455 1163 504 ὃ(
1196 454 1361 521 Argos

79 522 270 571 nobiles
301 524 442 573 urbes
477 526 576 572 adit
611 541 622 570 :
677 524 789 573 inde
822 524 950 572 haud
981 540 1148 590 parem
1182 524 1360 588 opibus

4 609 9 612 ·
80 586 405 654 Epidaurum,
434 592 515 640 sed
535 593 771 658 inclytam
793 591 1361 656 AEsculapiinobilitem-

79 657 197 722 plo:
236 660 370 725 quod
405 663 613 725 quinque
653 659 861 708 millibus
901 658 1115 725 passuum
1147 659 1206 707 ab
1238 659 1360 709 urbe

79 723 284 785 distans,
326 745 450 775 nunc
489 726 699 794 vestigiis
739 726 1032 776 revolsorum
1070 728 1313 791 donorum
1339 763 1357 788 ,

76 805 181 840 tum
212 793 350 842 donis
372 795 508 844 dives
527 810 655 855 erat,
691 813 795 861 quae
824 794 1151 843 remediorum
1173 793 1355 843 saluta-

78 861 201 907 rium
243 864 354 928 aegri
402 863 682 912 mercedem
732 862 1031 910 sacraverant
1068 861 1180 910 deo.
1234 860 1357 911 Inde

69 925 487 979 Lacedaemonem
520 931 650 988 adit,
677 947 778 978 non
810 946 1011 995 operum
1038 926 1355 995 magnificen-

77 996 142 1042 tia
164 1033 178 1052 ‚
210 996 291 1044 sed
321 998 568 1063 disciplina
595 996 906 1062 institutisque
945 996 1312 1045 memorabilem
1340 1013 1355 1046 z

74 1063 203 1112 unde
246 1082 333 1130 per
377 1065 717 1134 Megalopolim
763 1064 1054 1129 Olympiam
1109 1064 1353 1123 ascendit3

73 1130 154 1178 ubi
189 1132 241 1179 &
277 1133 364 1180 alia
398 1134 593 1198 quidem
624 1131 875 1199 spe&an'da
908 1132 1004 1179 visa
1026 1170 1042 1191 ‚
1081 1131 1131 1179 ὃ(
1167 1132 1350 1182 Jovem

72 1199 210 1247 velut
246 1200 531 1265 praesentem
557 1204 746 1249 intuens
769 1238 782 1259 ‚
819 1199 846 1248 8
875 1215 1036 1247 motus
1071 1201 1234 1248 animo
1263 1200 1347 1251 est.

73 1263 245 1332 Itaque
266 1305 280 1327 ,
313 1268 438 1316 haud
460 1268 589 1316 secus
610 1267 754 1335 quam
775 1266 808 1315 s1
834 1268 881 1314 in
905 1265 1154 1332 Capitolio
1173 1269 1350 1317 immo-

68 1333 247 1383 laturus
268 1334 381 1384 esl'et
403 1373 418 1396 ‚
447 1334 722 1384 sacrificium
749 1335 952 1400 amplius
971 1335 1111 1383 solito
1131 1336 1349 1400 apparari

69 1398 215 1467 iuffit.
244 1401 313 1451 Ita
349 1404 599 1470 peragrata
628 1402 820 1452 Graecia
843 1439 857 1460 ,
893 1417 945 1451 ut
978 1402 1093 1450 nihil
1133 1419 1301 1451 eorum
1328 1441 1344 1464 ,

69 1487 175 1534 quae
203 1470 397 1539 quisque
430 1470 587 1521 Persei
617 1470 749 1520 bello
778 1471 1002 1535 privatim
1036 1483 1116 1517 aut
1153 1472 1347 1535 publice

67 1536 275 1588 senfiffet
304 1577 318 1599 ,
352 1541 613 1606 inquireret
635 1578 649 1599 ‚
681 1553 742 1588 ne
762 1534 895 1604 -εὶὲῇυε
914 1552 1048 1588 metu
1074 1536 1349 1590 sollicitaret

0 1646 3 1650 ,
65 1607 252 1654 animos
275 1605 546 1666 sociorum,
583 1607 954 1657 Demetriadem
988 1623 1136 1672 quum
1168 1623 1352 1658 rever-1.

65 1672 187 1722 tiss'et
207 1712 222 1734 ‚
250 1675 298 1721 in
325 1676 493 1726 itinere
517 1676 754 1726 sordidata
778 1676 917 1724 turba
938 1674 1217 1723 AEtolorum
1250 1694 1345 1725 oc-

65 1744 240 1791 currit:
271 1747 558 1811 mirantique'
589 1745 641 1793 &
681 1743 1009 1810 percunehmti
1034 1744 1163 1808 quid
1196 1743 1344 1804 effer,

64 1809 278 1858 defertur
298 1849 311 1871 ‚
341 1814 629 1879 quingentos
654 1813 999 1877 quinquaginta
1015 1812 1255 1876 principes
1278 1813 1341 1861 ab

64 1876 268 1942 Lycisco
290 1879 341 1927 ὃ(
368 1878 570 1947 Tisippo
590 1918 604 1940 ‚
631 1878 930 1928 circumseffo
957 1878 1120 1927 senatu
1145 1897 1232 1946 per
1251 1882 1340 1928 mi-

59 1945 165 1994 lites
196 1945 448 1997 Romanos
480 1947 637 1996 miffos
663 1966 689 1995 a
715 1947 881 1996 Baebio
912 1946 1143 2012 praeside,
1178 1950 1337 1997 inter·-

60 2012 247 2074 fe3053
278 2015 397 2063 alios
434 2018 481 2064 in
515 2016 726 2065 exsilium
764 2013 893 2063 aeros
935 2014 1066 2073 esse3
1102 2015 1336 2082 bonaque

59 2098 227 2130 eorum
253 2084 332 2147 qui
350 2082 590 2132 interfeffi
609 2083 755 2132 effent
779 2121 792 2142 ‚
825 2083 876 2131 &
899 2082 1109 2130 exsulum
1127 2120 1141 2142 ‚
1171 2098 1201 2147 9
1222 2084 1336 2148 pos-

58 2147 207 2197 fidere
228 2152 305 2214 qui
328 2153 604 2217 arguebant.
632 2149 766 2199 Juffis
784 2149 1123 2215 Amphipolim
1144 2150 1300 2200 adesse
1317 2189 1338 2212 ,

57 2216 156 2283 ipse
181 2234 428 2268 convento
454 2218 549 2269 Cn.
585 2218 797 2270 Ociavio
820 2217 1138 2268 Demetriade
1157 2257 1169 2279 ,
1202 2218 1335 2284 post·

57 2329 215 2370 rinthus
245 2329 375 2370 excisa
409 2344 427 2369 a
463 2329 662 2370 Mummio
727 2331 817 2378 lus,
851 2330 978 2384 inquit
1001 2359 1010 2376 ‚
1044 2329 1234 2371 effinxisse
1277 2331 1339 2371 vi—

57 2391 110 2431 est
130 2419 141 2438 ‚
166 2392 296 2432 altero
314 2392 355 2432 &
380 2391 563 2432 vicefimo
580 2391 664 2445 post
728 2392 844 2432 detur
889 2407 978 2432 eum
1025 2392 1173 2433 Jovem
1213 2406 1336 2447 quem

57 2454 164 2493 hunc
191 2467 314 2494 anno.
728 2454 874 2493 cecinit
896 2454 1118 2494 Homerus.
1375 2449 1378 2451 ’

123 2514 145 2554 8
166 2514 305 2555 ΑἸοτιιε
324 2513 452 2554 animo
470 2514 547 2567 est]
570 2512 665 2554 Plu·
771 2526 796 2566 9
814 2513 1010 2569 Poffidere
1023 2515 1333 2571 quiaerguebant]

56 2577 217 2615 tarchus
246 2577 372 2616 refert
402 2577 660 2615 memorabile
723 2575 805 2616 Eos
849 2576 916 2629 qui
963 2579 1182 2632 arguebant
1203 2604 1215 2626 ,
1252 2576 1334 2618 sive

57 2635 208 2678 AEmilii
237 2637 380 2679 diuum
399 2651 411 2680 t
430 2636 587 2680 Phidias
604 2636 662 2680 so·
724 2637 996 2680 accusatores,
