1670 3068
328 116 685 173 LrssER
781 112 998 171 XLI.
1167 131 1285 189 209

15 198 200 249 bellicas
239 195 388 246 defuit
421 195 611 245 indoles
647 196 699 244 &
728 196 871 260 vigor
903 192 1079 252 animi;
1111 196 1280 242 verbm
1299 203 1492 255 αις-ῃ.

16 269 79 316 ita
112 282 280 330 pravus
320 266 372 313 ὃ(
410 264 701 313 inconsultus
742 262 828 311 fuit
864 265 910 310 in
947 275 1051 309 tota
1088 278 1279 309 morum
1298 259 1489 306 n.(4.1—,5,

3 335 68 384 -&
95 331 390 380 instituendae
421 335 532 380 vitae
567 335 750 380 ratione
772 368 787 390 ‚
817 344 865 377 ut
887 331 1053 389 brevi,
1086 346 1279 394 cogno-
1326 316 1490 387 Deinde

15 401 138 451 mine
162 414 345 448 mutato
370 438 386 458 ‚
415 418 504 465 pro
533 398 788 466 Epiphane
810 396 1068 464 Epimanes
1090 434 1104 456 ‚
1138 397 1186 444 id
1213 395 1279 445 est
1296 377 1463 477 ξεξῑῖἶ·

13 467 190 520 insanus
214 505 228 524 ‚
254 469 565 516 vocitaretur.
1294 512 1418 538 mores

84 549 125 599 3.
146 534 280 600 Saepe
315 538 443 584 enim
471 533 675 603 egressus
708 535 732 582 ὲ
761 535 891 600 regia
916 570 931 592 ‚
965 530 1114 581 insciis
1136 532 1276 580 mini·
1292 557 1493 614 abficrdos.

13 600 107 653 stris
133 640 148 663 ‚
181 621 276 651 uno
300 619 379 651 aut
409 603 562 651 altero
591 603 801 660 comite,
836 618 920 666 per
962 601 1132 649 urbem
1167 601 1280 649 rosa

14 686 263 720 coronatus
297 671 347 719 &
379 689 495 719 auro
536 686 717 720 textam
755 670 948 717 indutus
986 667 1169 716 vestem
1204 671 1283 716 in-

16 737 213 788 cedebat
237 776 251 798 ,
279 739 518 787 interdum
545 738 780 804 lapidibus
803 775 816 796 ,
840 754 961 802 quos
990 736 1072 784 snb
1098 738 1171 783 ala
1195 753 1283 802 ge·-

14 805 141 855 rebat
163 843 176 863 ‚
198 805 427 855 incessens
450 808 659 865 obvios;
693 804 932 853 interdum
954 803 1122 851 contra
1146 822 1284 851 num·

15 891 117 922 mos
139 875 186 920 in
209 874 381 941 vulgus
404 874 623 942 spargens
649 912 664 934 ‚
697 871 1065 938 vociferansque
1090 910 1104 932 ‚
1130 870 1285 935 sumat

17 943 87 990 cui
113 939 301 1005 fortuna
339 945 516 991 dederit.
547 941 680 989 Alias
720 942 840 990 verb
878 957 964 1006 per
1003 939 1284 1000 aurificum,

17 1009 383 1076 caelatorumque
415 1048 428 1068 ‚
467 1010 520 1058 &
557 1011 760 1057 aliorum
797 1007 1043 1056 fabrorum
1072 1006 1287 1056 officinas

8 1075 338 1136 discurrebat,
377 1078 437 1126 de
472 1075 694 1143 cujusque
731 1092 830 1124 arte
865 1077 1118 1124 ambitiose
1155 1073 1292 1123 disse-

16 1160 151 1194 rens:
180 1163 303 1193 nunc
326 1163 433 1193 cum
459 1147 610 1194 obvio
641 1161 833 1209 quoque
864 1144 1169 1209 plebeiorum
1198 1144 1290 1191 ho-

8 1214 203 1262 minum
238 1212 482 1262 sermones
518 1213 747 1262 miscebat
783 1214 829 1259 in
874 1213 1070 1277 publico
1111 1228 1121 1258 z
1167 1228 1292 1259 nunc

22 1281 194 1328 circum
228 1283 431 1346 popinas
473 1281 702 1330 oberrans
729 1317 742 1340 ‚
797 1297 907 1327 cum
946 1280 1126 1326 ultimae
1155 1278 1293 1328 sortis

17 1350 279 1415 peregrinis
308 1349 358 1397 δὲ
387 1349 585 1398 advenis
615 1349 967 1414 compotationi
992 1347 1289 1412 indulgebat.

23 1413 71 1464 Si
107 1434 227 1482 quos
267 1416 390 1465 forte
441 1416 641 1479 juvenes
677 1414 1013 1480 tempestivum
1051 1415 1293 1464 celebrare

7 1486 299 1534 convivium
337 1486 541 1535 senserat
561 1523 576 1546 ‚
612 1484 710 1550 ipse
735 1482 888 1531 statim
918 1500 943 1531 2
972 1500 1079 1530 cum
1110 1484 1291 1547 poculo

7 1549 70 1600 J&
99 1550 390 1618 symphonia
423 1552 706 1620 improvisus
738 1552 933 1609 aderat,
968 1549 1294 1599 comissabun-

7 1617 105 1668 ¹dus
145 1620 194 1668 &
234 1620 481 1669 lasciviens
507 1659 521 1681 ‚
554 1624 617 1669 ira
645 1635 695 1669 ut
729 1621 796 1669 rei
838 1620 1052 1667 novitate
1093 1617 1292 1683 perculfi

8 1686 238 1754 ,plerique
257 1688 304 1739 se
329 1691 375 1737 in
396 1688 557 1756 fugam
582 1689 750 1739 darent
770 1726 783 1748 ‚
815 1689 986 1752 partim
1017 1703 1149 1735 metu
1176 1704 1294 1736 con-

25 1753 326 1806 ticescerent.
379 1755 434 1805 In
475 1757 675 1823 publicis
720 1772 914 1822 quoque
961 1754 1145 1803 balneis
1182 1772 1294 1803 cum

22 1823 156 1870 turba
199 1841 310 1872 eum
350 1825 511 1874 lavare
557 1826 746 1873 solitum
792 1822 924 1872 fuiss'e
965 1821 1163 1871 constat.
1218 1822 1296 1873 Ibi

25 1907 170 1956 quum
205 1895 460 1959 unguentis
491 1907 657 1942 tamen
688 1889 1028 1958 pretiosissimis
1051 1904 1294 1950 uteretur,

23 1955 181 2007 ferunt
208 1961 470 2025 quemdam
505 1962 549 2010 ei
581 1961 641 2009 de
672 1960 816 2026 plebe
851 1959 1101 2007 hominem
1132 1957 1296 2008 dixisse

25 2027 266 2092 quondam
289 2045 301 2076 ε
333 2031 507 2077 Beatus
542 2048 588 2076 es
606 2067 622 2087 ,
655 2029 679 2076 ὂ
704 2046 779 2075 rex
805 2046 818 2076 .·
852 2041 1078 2093 unguenta
1101 2029 1297 2075 maximi

18 2096 150 2170 pretii
173 2097 279 2143 oles.
325 2095 417 2144 Cui
443 2096 521 2144 ille
541 2134 556 2156 ‚
594 2095 722 2144 elifio
750 2093 1008 2143 dele&atus
1034 2131 1047 2152 ‚
1083 2094 1190 2142 Jam
1219 2109 1294 2153 te,

23 2163 208 2227 lnquit,
245 2165 310 2211 ita
331 2164 466 2212 beabo
488 2202 506 2222 ,
537 2179 587 2211 ut
604 2163 808 2227 stzturum
830 2177 870 2210 te
896 2159 974 2224 effe
993 2160 1169 2227 fateare
1197 2180 1210 2209 .·
1241 2162 1292 2210 &

11 2226 174 2296 ⁴stanin
207 2234 253 2279 in
282 2229 384 2296 ejus
420 2247 562 2297 caput
599 2234 847 2299 ingentem
884 2232 1119 2296 unguenti
1147 2231 1296 2279 nobi-

84 2333 399 2387 2Cumpoculo]
418 2335 628 2375 Diodorus
692 2333 863 2389 Polybio
891 2349 965 2389 pro
993 2335 1085 2374 vase
1114 2347 1300 2388 unguen-

24 2397 146 2438 h'abet
173 2391 289 2452 μετὰ
318 2402 509 2452 κερατίυ.
544 2402 627 2443 Po-
690 2397 740 2437 tis
759 2395 927 2437 referto.
968 2395 1159 2436 Ceterum
1182 2405 1299 2434 utro-

27 2458 629 2523 1γδίιιςμετέικεξοιμίκ,υςς3.
691 2458 787 2498 libet
815 2459 937 2498 modo
967 2458 1033 2498 vel
1061 2459 1168 2510 legas
1187 2483 1199 2501 ,
1227 2455 1298 2496 vel

29 2543 105 2584 que
138 2541 218 2569 vox
254 2527 301 2566 de
337 2531 485 2579 poculo
516 2534 629 2574 vina,
691 2520 970 2572 interpreteris
997 2546 1010 2568 ‚
1049 2531 1188 2574 parum
1236 2516 1305 2558 in-

29 2599 406 2656 riointelligipotest
438 2594 632 2654 κεράμιον
693 2580 832 2626 terest-

30 2660 131 2716 saepe
171 2677 328 2719 quoque
369 2661 579 2718 usurpatur
611 2676 633 2704 a
