<?xml version="1.0" encoding="UTF-8"?>
<!DOCTYPE html PUBLIC "-//W3C//DTD XHTML 1.0 Transitional//EN"
    "http://www.w3.org/TR/xhtml1/DTD/xhtml1-transitional.dtd">
<html xmlns="http://www.w3.org/1999/xhtml" xml:lang="en" lang="en">
 <head>
  <title>
</title>
<meta http-equiv="Content-Type" content="text/html;charset=utf-8" />
  <meta name='ocr-system' content='tesseract 3.04.00' />
  <meta name='ocr-capabilities' content='ocr_page ocr_carea ocr_par ocr_line ocrx_word'/>
</head>
<body>
  <div class='ocr_page' id='page_1' title='image "./tliviipatavinihi0302livy/tliviipatavinihi0302livy_0435.png"; bbox 0 0 1670 3068; ppageno 0'>
   <div class='ocr_carea' id='block_1_1' title="bbox 302 97 1287 173">
    <p class='ocr_par' dir='ltr' id='par_1_1' title="bbox 302 97 1287 173">
     <span class='ocr_line' id='line_1_1' title="bbox 302 97 1287 173; baseline 0.003 -20"><span class='ocrx_word' id='word_1_1' title='bbox 302 98 658 153; x_wconf 78' lang='lat' dir='ltr'>LIBER</span> <span class='ocrx_word' id='word_1_2' title='bbox 753 97 1050 154; x_wconf 92' lang='lat' dir='ltr'><strong>XLIV.</strong></span> <span class='ocrx_word' id='word_1_3' title='bbox 1177 117 1287 173; x_wconf 81' lang='lat'>431</span> 
     </span>
    </p>
   </div>
   <div class='ocr_carea' id='block_1_2' title="bbox 16 174 1532 2206">
    <p class='ocr_par' dir='ltr' id='par_1_2' title="bbox 16 174 1532 2206">
     <span class='ocr_line' id='line_1_2' title="bbox 26 174 1500 244; baseline 0.001 -18"><span class='ocrx_word' id='word_1_4' title='bbox 26 194 174 244; x_wconf 81' lang='lat' dir='ltr'>quum</span> <span class='ocrx_word' id='word_1_5' title='bbox 206 177 434 242; x_wconf 82' lang='lat' dir='ltr'>lacrymae</span> <span class='ocrx_word' id='word_1_6' title='bbox 465 174 797 243; x_wconf 69' lang='lat' dir='ltr'>praepedissent</span> <span class='ocrx_word' id='word_1_7' title='bbox 821 214 834 235; x_wconf 85' lang='lat'><strong>‚</strong></span> <span class='ocrx_word' id='word_1_8' title='bbox 868 180 978 242; x_wconf 82' lang='lat' dir='ltr'>quia</span> <span class='ocrx_word' id='word_1_9' title='bbox 1009 176 1106 242; x_wconf 88' lang='lat' dir='ltr'>ipse</span> <span class='ocrx_word' id='word_1_10' title='bbox 1136 178 1293 228; x_wconf 83' lang='lat' dir='ltr'><strong>dicere</strong></span> <span class='ocrx_word' id='word_1_11' title='bbox 1311 196 1500 244; x_wconf 61' lang='lat' dir='ltr'>U-C-sffl.</span> 
     </span>
     <span class='ocr_line' id='line_1_3' title="bbox 29 243 1500 311; baseline -0.001 -17"><span class='ocrx_word' id='word_1_12' title='bbox 29 246 212 310; x_wconf 76' lang='lat' dir='ltr'>nequiit</span> <span class='ocrx_word' id='word_1_13' title='bbox 234 283 247 302; x_wconf 88' lang='lat'>.,</span> <span class='ocrx_word' id='word_1_14' title='bbox 280 244 507 294; x_wconf 87' lang='lat' dir='ltr'>Evandro</span> <span class='ocrx_word' id='word_1_15' title='bbox 529 243 745 294; x_wconf 72' lang='lat' dir='ltr'>Cretensi</span> <span class='ocrx_word' id='word_1_16' title='bbox 764 244 901 293; x_wconf 85' lang='lat' dir='ltr'>editis</span> <span class='ocrx_word' id='word_1_17' title='bbox 918 281 932 302; x_wconf 85' lang='lat'>‚</span> <span class='ocrx_word' id='word_1_18' title='bbox 969 262 1073 309; x_wconf 79' lang='lat' dir='ltr'>quae</span> <span class='ocrx_word' id='word_1_19' title='bbox 1094 248 1171 311; x_wconf 76' lang='lat' dir='ltr'>agi</span> <span class='ocrx_word' id='word_1_20' title='bbox 1190 264 1295 295; x_wconf 89' lang='lat' dir='ltr'>cum</span> <span class='ocrx_word' id='word_1_21' title='bbox 1312 252 1500 292; x_wconf 45' lang='lat'>31:³08.</span> 
     </span>
     <span class='ocr_line' id='line_1_4' title="bbox 31 309 1302 378; baseline 0.001 -18"><span class='ocrx_word' id='word_1_22' title='bbox 31 313 333 361; x_wconf 87' lang='lat' dir='ltr'>multitudine</span> <span class='ocrx_word' id='word_1_23' title='bbox 353 314 501 361; x_wconf 85' lang='lat' dir='ltr'>vellet</span> <span class='ocrx_word' id='word_1_24' title='bbox 519 327 575 375; x_wconf 85' lang='lat'>‚9</span> <span class='ocrx_word' id='word_1_25' title='bbox 596 312 654 360; x_wconf 85' lang='lat' dir='ltr'>de</span> <span class='ocrx_word' id='word_1_26' title='bbox 672 312 858 378; x_wconf 89' lang='lat' dir='ltr'>templo</span> <span class='ocrx_word' id='word_1_27' title='bbox 879 309 1142 360; x_wconf 86' lang='lat' dir='ltr'>descendit.</span> <span class='ocrx_word' id='word_1_28' title='bbox 1168 313 1302 361; x_wconf 81' lang='lat' dir='ltr'>Mul-</span> 
     </span>
     <span class='ocr_line' id='line_1_5' title="bbox 29 379 1302 446; baseline 0.002 -18"><span class='ocrx_word' id='word_1_29' title='bbox 29 381 187 428; x_wconf 80' lang='lat' dir='ltr'>titudo</span> <span class='ocrx_word' id='word_1_30' title='bbox 212 416 226 438; x_wconf 89' lang='lat'>‚</span> <span class='ocrx_word' id='word_1_31' title='bbox 261 379 375 427; x_wconf 89' lang='lat' dir='ltr'>ficut</span> <span class='ocrx_word' id='word_1_32' title='bbox 406 380 467 427; x_wconf 89' lang='lat' dir='ltr'>ad</span> <span class='ocrx_word' id='word_1_33' title='bbox 511 379 818 445; x_wconf 60' lang='lat' dir='ltr'>conspec&#39;mm</span> <span class='ocrx_word' id='word_1_34' title='bbox 867 380 991 446; x_wconf 84' lang='lat' dir='ltr'>regis</span> <span class='ocrx_word' id='word_1_35' title='bbox 1036 380 1302 446; x_wconf 86' lang='lat' dir='ltr'>fletumque</span> 
     </span>
     <span class='ocr_line' id='line_1_6' title="bbox 29 446 1304 514; baseline 0 -20"><span class='ocrx_word' id='word_1_36' title='bbox 29 463 127 495; x_wconf 89' lang='lat' dir='ltr'>tam</span> <span class='ocrx_word' id='word_1_37' title='bbox 152 446 467 496; x_wconf 77' lang='lat' dir='ltr'>miserabilem</span> <span class='ocrx_word' id='word_1_38' title='bbox 488 484 502 506; x_wconf 84' lang='lat'>‚</span> <span class='ocrx_word' id='word_1_39' title='bbox 538 447 588 494; x_wconf 88' lang='lat'>&amp;</span> <span class='ocrx_word' id='word_1_40' title='bbox 612 448 709 511; x_wconf 86' lang='lat' dir='ltr'>ipsa</span> <span class='ocrx_word' id='word_1_41' title='bbox 734 449 1031 514; x_wconf 81' lang='lat' dir='ltr'>ingemuerat</span> <span class='ocrx_word' id='word_1_42' title='bbox 1054 448 1304 513; x_wconf 81' lang='lat' dir='ltr'>lacryma-</span> 
     </span>
     <span class='ocr_line' id='line_1_7' title="bbox 28 513 1303 580; baseline -0.001 -16"><span class='ocrx_word' id='word_1_43' title='bbox 28 532 300 580; x_wconf 80' lang='lat' dir='ltr'>vetatque,</span> <span class='ocrx_word' id='word_1_44' title='bbox 337 517 401 562; x_wconf 90' lang='lat' dir='ltr'>ita</span> <span class='ocrx_word' id='word_1_45' title='bbox 448 513 661 562; x_wconf 85' lang='lat' dir='ltr'>Evandri</span> <span class='ocrx_word' id='word_1_46' title='bbox 699 518 974 563; x_wconf 77' lang='lat' dir='ltr'>orationem</span> <span class='ocrx_word' id='word_1_47' title='bbox 1019 514 1303 580; x_wconf 84' lang='lat' dir='ltr'>aspernaba-</span> 
     </span>
     <span class='ocr_line' id='line_1_8' title="bbox 16 580 1304 648; baseline 0 -16"><span class='ocrx_word' id='word_1_48' title='bbox 16 597 104 646; x_wconf 58' lang='lat' dir='ltr'>,tur</span> <span class='ocrx_word' id='word_1_49' title='bbox 134 599 145 629; x_wconf 79' lang='lat' dir='ltr'><strong><em>z</em></strong></span> <span class='ocrx_word' id='word_1_50' title='bbox 195 583 244 631; x_wconf 82' lang='lat'>&amp;</span> <span class='ocrx_word' id='word_1_51' title='bbox 285 583 479 648; x_wconf 83' lang='lat' dir='ltr'>quidam</span> <span class='ocrx_word' id='word_1_52' title='bbox 510 580 604 629; x_wconf 80' lang='lat' dir='ltr'>aufi</span> <span class='ocrx_word' id='word_1_53' title='bbox 645 580 747 629; x_wconf 87' lang='lat' dir='ltr'>sunt</span> <span class='ocrx_word' id='word_1_54' title='bbox 783 583 943 630; x_wconf 84' lang='lat' dir='ltr'>media</span> <span class='ocrx_word' id='word_1_55' title='bbox 978 599 1036 630; x_wconf 89' lang='lat' dir='ltr'>ex</span> <span class='ocrx_word' id='word_1_56' title='bbox 1066 585 1304 632; x_wconf 74' lang='lat' dir='ltr'>concione</span> 
     </span>
     <span class='ocr_line' id='line_1_9' title="bbox 30 649 1510 717; baseline -0.003 -18"><span class='ocrx_word' id='word_1_57' title='bbox 30 649 317 699; x_wconf 79' lang='lat' dir='ltr'>succlamare</span> <span class='ocrx_word' id='word_1_58' title='bbox 339 687 353 709; x_wconf 84' lang='lat'>‚</span> <span class='ocrx_word' id='word_1_59' title='bbox 387 651 528 698; x_wconf 84' lang='lat' dir='ltr'>Abite</span> <span class='ocrx_word' id='word_1_60' title='bbox 565 651 703 708; x_wconf 77' lang='lat' dir='ltr'>hinc,</span> <span class='ocrx_word' id='word_1_61' title='bbox 742 669 829 707; x_wconf 77' lang='lat' dir='ltr'>ne,</span> <span class='ocrx_word' id='word_1_62' title='bbox 865 651 943 713; x_wconf 81' lang='lat' dir='ltr'>qui</span> <span class='ocrx_word' id='word_1_63' title='bbox 975 653 1120 714; x_wconf 75' lang='lat' dir='ltr'>pauci</span> <span class='ocrx_word' id='word_1_64' title='bbox 1149 649 1302 717; x_wconf 70' lang='lat' dir='ltr'>fizper-</span> <span class='ocrx_word' id='word_1_65' title='bbox 1347 655 1510 712; x_wconf 71' lang='lat' dir='ltr'>Amphi.</span> 
     </span>
     <span class='ocr_line' id='line_1_10' title="bbox 25 716 1511 783; baseline 0 -18"><span class='ocrx_word' id='word_1_66' title='bbox 25 716 215 783; x_wconf 71' lang='lat' dir='ltr'>summ,</span> <span class='ocrx_word' id='word_1_67' title='bbox 237 731 514 783; x_wconf 74' lang='lat' dir='ltr'>proptervos</span> <span class='ocrx_word' id='word_1_68' title='bbox 529 735 775 782; x_wconf 75' lang='lat' dir='ltr'>pereamus.</span> <span class='ocrx_word' id='word_1_69' title='bbox 802 717 992 764; x_wconf 85' lang='lat' dir='ltr'>Horum</span> <span class='ocrx_word' id='word_1_70' title='bbox 1012 717 1192 765; x_wconf 80' lang='lat' dir='ltr'>ferocia</span> <span class='ocrx_word' id='word_1_71' title='bbox 1209 718 1511 771; x_wconf 69' lang='lat' dir='ltr'>vo-poliabit.</span> 
     </span>
     <span class='ocr_line' id='line_1_11' title="bbox 32 782 1307 852; baseline 0 -18"><span class='ocrx_word' id='word_1_72' title='bbox 32 803 140 834; x_wconf 87' lang='lat' dir='ltr'>cem</span> <span class='ocrx_word' id='word_1_73' title='bbox 163 784 373 834; x_wconf 82' lang='lat' dir='ltr'>Evandri</span> <span class='ocrx_word' id='word_1_74' title='bbox 393 783 571 833; x_wconf 83' lang='lat' dir='ltr'>clausit.</span> <span class='ocrx_word' id='word_1_75' title='bbox 605 783 707 832; x_wconf 87' lang='lat' dir='ltr'>Rex</span> <span class='ocrx_word' id='word_1_76' title='bbox 730 787 776 831; x_wconf 89' lang='lat' dir='ltr'>in</span> <span class='ocrx_word' id='word_1_77' title='bbox 801 785 1002 832; x_wconf 89' lang='lat' dir='ltr'>domum</span> <span class='ocrx_word' id='word_1_78' title='bbox 1021 782 1065 832; x_wconf 91' lang='lat' dir='ltr'>se</span> <span class='ocrx_word' id='word_1_79' title='bbox 1087 790 1270 852; x_wconf 83' lang='lat' dir='ltr'>recepit</span> <span class='ocrx_word' id='word_1_80' title='bbox 1291 824 1307 847; x_wconf 86' lang='lat'><strong>‚</strong></span> 
     </span>
     <span class='ocr_line' id='line_1_12' title="bbox 34 851 1312 931; baseline -0.001 -29"><span class='ocrx_word' id='word_1_81' title='bbox 34 854 333 931; x_wconf 66' lang='lat' dir='ltr'>pecuniaque</span> <span class='ocrx_word' id='word_1_82' title='bbox 369 853 419 900; x_wconf 64' lang='grc' dir='ltr'>ὃς</span> <span class='ocrx_word' id='word_1_83' title='bbox 445 869 560 900; x_wconf 86' lang='lat' dir='ltr'>auro</span> <span class='ocrx_word' id='word_1_84' title='bbox 590 867 892 918; x_wconf 81' lang='lat' dir='ltr'>argentoque</span> <span class='ocrx_word' id='word_1_85' title='bbox 915 853 963 898; x_wconf 84' lang='lat' dir='ltr'>in</span> <span class='ocrx_word' id='word_1_86' title='bbox 985 851 1173 900; x_wconf 84' lang='lat' dir='ltr'>lembos</span> <span class='ocrx_word' id='word_1_87' title='bbox 1191 892 1205 911; x_wconf 83' lang='lat'><strong>‚</strong></span> <span class='ocrx_word' id='word_1_88' title='bbox 1229 856 1312 918; x_wconf 80' lang='lat' dir='ltr'>qui</span> 
     </span>
     <span class='ocr_line' id='line_1_13' title="bbox 37 918 1314 985; baseline 0.001 -17"><span class='ocrx_word' id='word_1_89' title='bbox 37 938 84 968; x_wconf 79' lang='lat' dir='ltr'>in</span> <span class='ocrx_word' id='word_1_90' title='bbox 116 919 382 985; x_wconf 86' lang='lat' dir='ltr'>Strymone</span> <span class='ocrx_word' id='word_1_91' title='bbox 416 918 598 967; x_wconf 84' lang='lat' dir='ltr'>stabant</span> <span class='ocrx_word' id='word_1_92' title='bbox 619 957 633 978; x_wconf 89' lang='lat'>,</span> <span class='ocrx_word' id='word_1_93' title='bbox 669 919 835 968; x_wconf 83' lang='lat' dir='ltr'>delatis</span> <span class='ocrx_word' id='word_1_94' title='bbox 856 957 871 978; x_wconf 89' lang='lat'><strong>‚</strong></span> <span class='ocrx_word' id='word_1_95' title='bbox 910 921 962 967; x_wconf 70' lang='grc' dir='ltr'>ὅ(</span> <span class='ocrx_word' id='word_1_96' title='bbox 994 919 1091 984; x_wconf 87' lang='lat' dir='ltr'>ipse</span> <span class='ocrx_word' id='word_1_97' title='bbox 1127 920 1187 968; x_wconf 88' lang='lat' dir='ltr'>ad</span> <span class='ocrx_word' id='word_1_98' title='bbox 1221 921 1314 969; x_wconf 85' lang='lat' dir='ltr'>flu-</span> 
     </span>
     <span class='ocr_line' id='line_1_14' title="bbox 39 986 1316 1039; baseline 0.001 -2"><span class='ocrx_word' id='word_1_99' title='bbox 39 1005 153 1037; x_wconf 89' lang='lat' dir='ltr'>men</span> <span class='ocrx_word' id='word_1_100' title='bbox 175 987 437 1036; x_wconf 89' lang='lat' dir='ltr'>descendit.</span> <span class='ocrx_word' id='word_1_101' title='bbox 464 986 679 1035; x_wconf 84' lang='lat' dir='ltr'>Thraces</span> <span class='ocrx_word' id='word_1_102' title='bbox 712 987 911 1036; x_wconf 76' lang='lat' dir='ltr'>navibus</span> <span class='ocrx_word' id='word_1_103' title='bbox 939 986 985 1034; x_wconf 89' lang='lat' dir='ltr'>se</span> <span class='ocrx_word' id='word_1_104' title='bbox 1008 992 1316 1039; x_wconf 82' lang='lat' dir='ltr'>committere</span> 
     </span>
     <span class='ocr_line' id='line_1_15' title="bbox 41 1053 1321 1122; baseline 0.002 -18"><span class='ocrx_word' id='word_1_105' title='bbox 41 1074 140 1105; x_wconf 85' lang='lat' dir='ltr'>non</span> <span class='ocrx_word' id='word_1_106' title='bbox 171 1055 265 1104; x_wconf 82' lang='lat' dir='ltr'>ausi</span> <span class='ocrx_word' id='word_1_107' title='bbox 292 1093 306 1114; x_wconf 86' lang='lat'>‚</span> <span class='ocrx_word' id='word_1_108' title='bbox 338 1056 513 1104; x_wconf 86' lang='lat' dir='ltr'>domos</span> <span class='ocrx_word' id='word_1_109' title='bbox 552 1053 716 1121; x_wconf 78' lang='lat' dir='ltr'>dilapsi</span> <span class='ocrx_word' id='word_1_110' title='bbox 742 1093 754 1113; x_wconf 88' lang='lat'>‚</span> <span class='ocrx_word' id='word_1_111' title='bbox 791 1055 843 1102; x_wconf 87' lang='lat'>&amp;</span> <span class='ocrx_word' id='word_1_112' title='bbox 867 1054 970 1102; x_wconf 83' lang='lat' dir='ltr'>aliae</span> <span class='ocrx_word' id='word_1_113' title='bbox 996 1056 1209 1103; x_wconf 87' lang='lat' dir='ltr'>militaris</span> <span class='ocrx_word' id='word_1_114' title='bbox 1239 1074 1321 1122; x_wconf 83' lang='lat' dir='ltr'>ge-</span> 
     </span>
     <span class='ocr_line' id='line_1_16' title="bbox 40 1121 1316 1189; baseline 0.001 -17"><span class='ocrx_word' id='word_1_115' title='bbox 40 1125 165 1173; x_wconf 85' lang='lat' dir='ltr'>neris</span> <span class='ocrx_word' id='word_1_116' title='bbox 200 1124 364 1172; x_wconf 83' lang='lat' dir='ltr'>turbae.</span> <span class='ocrx_word' id='word_1_117' title='bbox 399 1121 658 1172; x_wconf 82' lang='lat' dir='ltr'>Cretenses</span> <span class='ocrx_word' id='word_1_118' title='bbox 688 1122 822 1187; x_wconf 90' lang='lat' dir='ltr'>spem</span> <span class='ocrx_word' id='word_1_119' title='bbox 858 1124 1073 1188; x_wconf 83' lang='lat' dir='ltr'>pecuniae</span> <span class='ocrx_word' id='word_1_120' title='bbox 1097 1123 1316 1189; x_wconf 81' lang='lat' dir='ltr'>sequuti:</span> 
     </span>
     <span class='ocr_line' id='line_1_17' title="bbox 41 1189 1317 1258; baseline -0.001 -17"><span class='ocrx_word' id='word_1_121' title='bbox 41 1192 93 1241; x_wconf 85' lang='lat'>&amp;</span> <span class='ocrx_word' id='word_1_122' title='bbox 125 1194 356 1258; x_wconf 85' lang='lat' dir='ltr'>quoniam</span> <span class='ocrx_word' id='word_1_123' title='bbox 409 1194 457 1239; x_wconf 89' lang='lat' dir='ltr'>in</span> <span class='ocrx_word' id='word_1_124' title='bbox 517 1190 780 1240; x_wconf 82' lang='lat' dir='ltr'>dividendo</span> <span class='ocrx_word' id='word_1_125' title='bbox 833 1191 938 1255; x_wconf 88' lang='lat' dir='ltr'>plus</span> <span class='ocrx_word' id='word_1_126' title='bbox 994 1189 1317 1240; x_wconf 77' lang='lat' dir='ltr'>offensionum</span> 
     </span>
     <span class='ocr_line' id='line_1_18' title="bbox 42 1259 1322 1326; baseline 0.001 -19"><span class='ocrx_word' id='word_1_127' title='bbox 42 1259 188 1326; x_wconf 76' lang='lat' dir='ltr'>quam</span> <span class='ocrx_word' id='word_1_128' title='bbox 236 1260 398 1325; x_wconf 82' lang='lat' dir='ltr'>gratiae</span> <span class='ocrx_word' id='word_1_129' title='bbox 445 1270 582 1317; x_wconf 81' lang='lat' dir='ltr'>erat,</span> <span class='ocrx_word' id='word_1_130' title='bbox 623 1274 641 1304; x_wconf 94' lang='lat'>1</span> <span class='ocrx_word' id='word_1_131' title='bbox 681 1259 1024 1324; x_wconf 81' lang='lat' dir='ltr'>quinquaginta</span> <span class='ocrx_word' id='word_1_132' title='bbox 1058 1259 1237 1308; x_wconf 81' lang='lat' dir='ltr'>talenta</span> <span class='ocrx_word' id='word_1_133' title='bbox 1268 1262 1322 1308; x_wconf 82' lang='lat' dir='ltr'>iis</span> 
     </span>
     <span class='ocr_line' id='line_1_19' title="bbox 43 1325 1318 1394; baseline 0.001 -19"><span class='ocrx_word' id='word_1_134' title='bbox 43 1325 196 1394; x_wconf 78' lang='lat' dir='ltr'>posita</span> <span class='ocrx_word' id='word_1_135' title='bbox 218 1326 387 1375; x_wconf 86' lang='lat' dir='ltr'>suntin</span> <span class='ocrx_word' id='word_1_136' title='bbox 412 1328 511 1392; x_wconf 86' lang='lat' dir='ltr'>ripa</span> <span class='ocrx_word' id='word_1_137' title='bbox 534 1326 817 1392; x_wconf 86' lang='lat' dir='ltr'>diripienda.</span> <span class='ocrx_word' id='word_1_138' title='bbox 839 1327 919 1373; x_wconf 88' lang='lat' dir='ltr'>Ab</span> <span class='ocrx_word' id='word_1_139' title='bbox 939 1325 1025 1372; x_wconf 84' lang='lat' dir='ltr'>hac</span> <span class='ocrx_word' id='word_1_140' title='bbox 1045 1327 1318 1392; x_wconf 83' lang='lat' dir='ltr'>direptione</span> 
     </span>
     <span class='ocr_line' id='line_1_20' title="bbox 47 1392 1324 1460; baseline 0.001 -18"><span class='ocrx_word' id='word_1_141' title='bbox 47 1412 194 1460; x_wconf 87' lang='lat' dir='ltr'>quum</span> <span class='ocrx_word' id='word_1_142' title='bbox 220 1411 304 1459; x_wconf 90' lang='lat' dir='ltr'>per</span> <span class='ocrx_word' id='word_1_143' title='bbox 324 1395 581 1442; x_wconf 87' lang='lat' dir='ltr'>tumultum</span> <span class='ocrx_word' id='word_1_144' title='bbox 601 1410 747 1442; x_wconf 87' lang='lat' dir='ltr'>naves</span> <span class='ocrx_word' id='word_1_145' title='bbox 768 1392 1149 1443; x_wconf 85' lang='lat' dir='ltr'>conscenderent</span> <span class='ocrx_word' id='word_1_146' title='bbox 1165 1431 1179 1454; x_wconf 90' lang='lat'>‚</span> <span class='ocrx_word' id='word_1_147' title='bbox 1204 1396 1324 1444; x_wconf 89' lang='lat' dir='ltr'>lem-</span> 
     </span>
     <span class='ocr_line' id='line_1_21' title="bbox 45 1460 1321 1529; baseline 0 -18"><span class='ocrx_word' id='word_1_148' title='bbox 45 1463 163 1511; x_wconf 87' lang='lat' dir='ltr'>bum</span> <span class='ocrx_word' id='word_1_149' title='bbox 185 1479 329 1510; x_wconf 86' lang='lat' dir='ltr'>unum</span> <span class='ocrx_word' id='word_1_150' title='bbox 348 1464 395 1509; x_wconf 88' lang='lat' dir='ltr'>in</span> <span class='ocrx_word' id='word_1_151' title='bbox 415 1460 535 1510; x_wconf 85' lang='lat' dir='ltr'>ostio</span> <span class='ocrx_word' id='word_1_152' title='bbox 556 1463 708 1510; x_wconf 87' lang='lat' dir='ltr'>amnis</span> <span class='ocrx_word' id='word_1_153' title='bbox 737 1461 1041 1511; x_wconf 85' lang='lat' dir='ltr'>multitudine</span> <span class='ocrx_word' id='word_1_154' title='bbox 1069 1478 1321 1529; x_wconf 84' lang='lat' dir='ltr'>gravatum</span> 
     </span>
     <span class='ocr_line' id='line_1_22' title="bbox 49 1528 1529 1594; baseline 0.003 -16"><span class='ocrx_word' id='word_1_155' title='bbox 49 1528 333 1578; x_wconf 87' lang='lat' dir='ltr'>merserunt.</span> <span class='ocrx_word' id='word_1_156' title='bbox 372 1528 635 1594; x_wconf 86' lang='lat' dir='ltr'>Galepsum</span> <span class='ocrx_word' id='word_1_157' title='bbox 665 1546 725 1578; x_wconf 91' lang='lat' dir='ltr'>eo</span> <span class='ocrx_word' id='word_1_158' title='bbox 764 1529 841 1577; x_wconf 85' lang='lat' dir='ltr'>die</span> <span class='ocrx_word' id='word_1_159' title='bbox 863 1567 877 1589; x_wconf 87' lang='lat'>‚</span> <span class='ocrx_word' id='word_1_160' title='bbox 913 1528 1106 1594; x_wconf 86' lang='lat' dir='ltr'>postero</span> <span class='ocrx_word' id='word_1_161' title='bbox 1138 1529 1320 1580; x_wconf 84' lang='lat' dir='ltr'>Samo·</span> <span class='ocrx_word' id='word_1_162' title='bbox 1392 1542 1529 1582; x_wconf 72' lang='lat' dir='ltr'>Sarno-</span> 
     </span>
     <span class='ocr_line' id='line_1_23' title="bbox 49 1598 1506 1662; baseline -0.002 -17"><span class='ocrx_word' id='word_1_163' title='bbox 49 1599 263 1647; x_wconf 80' lang='lat' dir='ltr'>thracam</span> <span class='ocrx_word' id='word_1_164' title='bbox 281 1635 294 1656; x_wconf 86' lang='lat'><strong>‚</strong></span> <span class='ocrx_word' id='word_1_165' title='bbox 318 1613 461 1662; x_wconf 86' lang='lat' dir='ltr'>quam</span> <span class='ocrx_word' id='word_1_166' title='bbox 480 1598 733 1662; x_wconf 80' lang='lat' dir='ltr'>petebant,</span> <span class='ocrx_word' id='word_1_167' title='bbox 756 1599 1067 1662; x_wconf 85' lang='lat' dir='ltr'>perveniunt:</span> <span class='ocrx_word' id='word_1_168' title='bbox 1091 1598 1152 1646; x_wconf 89' lang='lat' dir='ltr'>ad</span> <span class='ocrx_word' id='word_1_169' title='bbox 1173 1615 1199 1646; x_wconf 89' lang='lat'>2</span> <span class='ocrx_word' id='word_1_170' title='bbox 1221 1599 1317 1649; x_wconf 89' lang='lat' dir='ltr'>duo</span> <span class='ocrx_word' id='word_1_171' title='bbox 1334 1605 1506 1644; x_wconf 70' lang='lat' dir='ltr'>thracam</span> 
     </span>
     <span class='ocr_line' id='line_1_24' title="bbox 51 1664 1532 1730; baseline -0.003 -15"><span class='ocrx_word' id='word_1_172' title='bbox 51 1665 198 1715; x_wconf 84' lang='lat' dir='ltr'>millia</span> <span class='ocrx_word' id='word_1_173' title='bbox 219 1664 450 1713; x_wconf 68' lang='lat' dir='ltr'>talentum</span> <span class='ocrx_word' id='word_1_174' title='bbox 471 1665 694 1730; x_wconf 66' lang='lat' dir='ltr'>perve6h³</span> <span class='ocrx_word' id='word_1_175' title='bbox 716 1667 778 1713; x_wconf 79' lang='lat' dir='ltr'>eo</span> <span class='ocrx_word' id='word_1_176' title='bbox 799 1665 1037 1713; x_wconf 83' lang='lat' dir='ltr'>dicuntur.</span> <span class='ocrx_word' id='word_1_177' title='bbox 1336 1668 1532 1724; x_wconf 70' lang='lat' dir='ltr'>pervenit.</span> 
     </span>
     <span class='ocr_line' id='line_1_25' title="bbox 124 1731 1324 1796; baseline 0.003 -16"><span class='ocrx_word' id='word_1_178' title='bbox 124 1731 306 1781; x_wconf 80' lang='lat' dir='ltr'><strong>XLVI.</strong></span> <span class='ocrx_word' id='word_1_179' title='bbox 335 1731 520 1780; x_wconf 83' lang='lat' dir='ltr'>Paullus</span> <span class='ocrx_word' id='word_1_180' title='bbox 549 1750 634 1796; x_wconf 88' lang='lat' dir='ltr'>per</span> <span class='ocrx_word' id='word_1_181' title='bbox 672 1750 845 1782; x_wconf 88' lang='lat' dir='ltr'>omnes</span> <span class='ocrx_word' id='word_1_182' title='bbox 879 1733 1064 1781; x_wconf 83' lang='lat' dir='ltr'>deditas</span> <span class='ocrx_word' id='word_1_183' title='bbox 1108 1734 1324 1784; x_wconf 87' lang='lat' dir='ltr'>civitates</span> 
     </span>
     <span class='ocr_line' id='line_1_26' title="bbox 59 1798 1329 1866; baseline 0.002 -18"><span class='ocrx_word' id='word_1_184' title='bbox 59 1798 254 1849; x_wconf 75' lang='lat' dir='ltr'>dimissis</span> <span class='ocrx_word' id='word_1_185' title='bbox 280 1803 360 1865; x_wconf 84' lang='lat' dir='ltr'>qui</span> <span class='ocrx_word' id='word_1_186' title='bbox 394 1799 672 1864; x_wconf 63' lang='lat' dir='ltr'>praeessent,</span> <span class='ocrx_word' id='word_1_187' title='bbox 709 1817 769 1849; x_wconf 90' lang='lat' dir='ltr'>ne</span> <span class='ocrx_word' id='word_1_188' title='bbox 800 1818 892 1866; x_wconf 90' lang='lat' dir='ltr'>qua</span> <span class='ocrx_word' id='word_1_189' title='bbox 919 1798 1087 1864; x_wconf 84' lang='lat' dir='ltr'>injuria</span> <span class='ocrx_word' id='word_1_190' title='bbox 1115 1804 1163 1849; x_wconf 88' lang='lat' dir='ltr'>in</span> <span class='ocrx_word' id='word_1_191' title='bbox 1197 1821 1329 1851; x_wconf 87' lang='lat' dir='ltr'>nova</span> 
     </span>
     <span class='ocr_line' id='line_1_27' title="bbox 52 1867 1331 1934; baseline 0.003 -18"><span class='ocrx_word' id='word_1_192' title='bbox 52 1884 176 1934; x_wconf 69' lang='lat' dir='ltr'>vpace</span> <span class='ocrx_word' id='word_1_193' title='bbox 212 1867 345 1916; x_wconf 73' lang='lat' dir='ltr'>viffis</span> <span class='ocrx_word' id='word_1_194' title='bbox 384 1867 522 1917; x_wconf 82' lang='lat' dir='ltr'>fieret</span> <span class='ocrx_word' id='word_1_195' title='bbox 559 1905 573 1927; x_wconf 82' lang='lat'><strong>‚</strong></span> <span class='ocrx_word' id='word_1_196' title='bbox 619 1868 904 1934; x_wconf 85' lang='lat' dir='ltr'>retentisque</span> <span class='ocrx_word' id='word_1_197' title='bbox 939 1869 1066 1934; x_wconf 79' lang='lat' dir='ltr'>apud</span> <span class='ocrx_word' id='word_1_198' title='bbox 1097 1867 1142 1918; x_wconf 92' lang='lat' dir='ltr'>se</span> <span class='ocrx_word' id='word_1_199' title='bbox 1177 1871 1331 1919; x_wconf 88' lang='lat' dir='ltr'>cadu-</span> 
     </span>
     <span class='ocr_line' id='line_1_28' title="bbox 52 1935 1330 2004; baseline 0.002 -20"><span class='ocrx_word' id='word_1_200' title='bbox 52 1935 329 1985; x_wconf 82' lang='lat' dir='ltr'>ceatoribus</span> <span class='ocrx_word' id='word_1_201' title='bbox 364 1938 487 2002; x_wconf 84' lang='lat' dir='ltr'>regis</span> <span class='ocrx_word' id='word_1_202' title='bbox 512 1973 525 1995; x_wconf 90' lang='lat'>‚</span> <span class='ocrx_word' id='word_1_203' title='bbox 567 1935 621 1985; x_wconf 92' lang='lat' dir='ltr'>P.</span> <span class='ocrx_word' id='word_1_204' title='bbox 663 1935 882 1984; x_wconf 84' lang='lat' dir='ltr'>Naficam</span> <span class='ocrx_word' id='word_1_205' title='bbox 915 1974 930 1995; x_wconf 89' lang='lat'><strong>‚</strong></span> <span class='ocrx_word' id='word_1_206' title='bbox 979 1938 1170 2003; x_wconf 86' lang='lat' dir='ltr'>ignarus</span> <span class='ocrx_word' id='word_1_207' title='bbox 1202 1937 1330 2004; x_wconf 83' lang='lat' dir='ltr'>fugae</span> 
     </span>
     <span class='ocr_line' id='line_1_29' title="bbox 61 2003 1335 2071; baseline 0.002 -19"><span class='ocrx_word' id='word_1_208' title='bbox 61 2006 185 2069; x_wconf 83' lang='lat' dir='ltr'>regis</span> <span class='ocrx_word' id='word_1_209' title='bbox 205 2041 218 2062; x_wconf 86' lang='lat'>,</span> <span class='ocrx_word' id='word_1_210' title='bbox 253 2004 593 2068; x_wconf 83' lang='lat' dir='ltr'>Amphipolim</span> <span class='ocrx_word' id='word_1_211' title='bbox 627 2003 748 2052; x_wconf 78' lang='lat' dir='ltr'>misit</span> <span class='ocrx_word' id='word_1_212' title='bbox 779 2041 793 2062; x_wconf 83' lang='lat'>‚</span> <span class='ocrx_word' id='word_1_213' title='bbox 836 2021 944 2051; x_wconf 90' lang='lat' dir='ltr'>cum</span> <span class='ocrx_word' id='word_1_214' title='bbox 974 2004 1166 2053; x_wconf 87' lang='lat' dir='ltr'>modica</span> <span class='ocrx_word' id='word_1_215' title='bbox 1194 2007 1335 2071; x_wconf 88' lang='lat' dir='ltr'>pedi-</span> 
     </span>
     <span class='ocr_line' id='line_1_30' title="bbox 61 2070 1335 2136; baseline 0.004 -18"><span class='ocrx_word' id='word_1_216' title='bbox 61 2085 166 2118; x_wconf 85' lang='lat' dir='ltr'>tum</span> <span class='ocrx_word' id='word_1_217' title='bbox 189 2073 502 2136; x_wconf 84' lang='lat' dir='ltr'>equitumque</span> <span class='ocrx_word' id='word_1_218' title='bbox 536 2088 710 2119; x_wconf 86' lang='lat' dir='ltr'>manu:</span> <span class='ocrx_word' id='word_1_219' title='bbox 734 2070 869 2119; x_wconf 78' lang='lat' dir='ltr'>simul</span> <span class='ocrx_word' id='word_1_220' title='bbox 892 2086 941 2118; x_wconf 89' lang='lat' dir='ltr'>ut</span> <span class='ocrx_word' id='word_1_221' title='bbox 971 2071 1186 2121; x_wconf 86' lang='lat' dir='ltr'>Sinticen</span> <span class='ocrx_word' id='word_1_222' title='bbox 1218 2090 1335 2123; x_wconf 85' lang='lat' dir='ltr'>eva-</span> 
     </span>
     <span class='ocr_line' id='line_1_31' title="bbox 62 2136 1335 2206; baseline 0.005 -20"><span class='ocrx_word' id='word_1_223' title='bbox 62 2136 203 2187; x_wconf 81' lang='lat' dir='ltr'>staret</span> <span class='ocrx_word' id='word_1_224' title='bbox 223 2175 237 2198; x_wconf 90' lang='lat'><strong>,</strong></span> <span class='ocrx_word' id='word_1_225' title='bbox 275 2139 328 2187; x_wconf 71' lang='grc' dir='ltr'>ὃ(</span> <span class='ocrx_word' id='word_1_226' title='bbox 354 2138 413 2186; x_wconf 90' lang='lat' dir='ltr'>ad</span> <span class='ocrx_word' id='word_1_227' title='bbox 437 2155 608 2187; x_wconf 87' lang='lat' dir='ltr'>omnes</span> <span class='ocrx_word' id='word_1_228' title='bbox 638 2154 834 2198; x_wconf 82' lang='lat' dir='ltr'>conatus</span> <span class='ocrx_word' id='word_1_229' title='bbox 855 2141 957 2206; x_wconf 82' lang='lat' dir='ltr'>regi</span> <span class='ocrx_word' id='word_1_230' title='bbox 978 2140 1335 2206; x_wconf 86' lang='lat' dir='ltr'>impedimento</span> 
     </span>
    </p>
   </div>
   <div class='ocr_carea' id='block_1_3' title="bbox 69 2259 1355 2684">
    <p class='ocr_par' dir='ltr' id='par_1_3' title="bbox 69 2259 1355 2684">
     <span class='ocr_line' id='line_1_32' title="bbox 127 2259 1230 2317; baseline 0.005 -16"><span class='ocrx_word' id='word_1_231' title='bbox 127 2273 154 2313; x_wconf 87' lang='lat'>9</span> <span class='ocrx_word' id='word_1_232' title='bbox 177 2262 241 2302; x_wconf 84' lang='lat' dir='ltr'>De</span> <span class='ocrx_word' id='word_1_233' title='bbox 261 2262 406 2317; x_wconf 82' lang='lat' dir='ltr'>templo</span> <span class='ocrx_word' id='word_1_234' title='bbox 438 2259 665 2316; x_wconf 81' lang='lat' dir='ltr'>descendit]</span> <span class='ocrx_word' id='word_1_235' title='bbox 732 2263 845 2316; x_wconf 71' lang='lat' dir='ltr'>supra</span> <span class='ocrx_word' id='word_1_236' title='bbox 872 2264 901 2304; x_wconf 93' lang='lat' dir='ltr'>l.</span> <span class='ocrx_word' id='word_1_237' title='bbox 933 2264 1061 2312; x_wconf 86' lang='lat' dir='ltr'>VIII,</span> <span class='ocrx_word' id='word_1_238' title='bbox 1083 2279 1121 2306; x_wconf 89' lang='lat' dir='ltr'>c.</span> <span class='ocrx_word' id='word_1_239' title='bbox 1158 2278 1230 2315; x_wconf 85' lang='lat'>14.</span> 
     </span>
     <span class='ocr_line' id='line_1_33' title="bbox 69 2323 1333 2383; baseline 0.002 -19"><span class='ocrx_word' id='word_1_240' title='bbox 69 2323 137 2364; x_wconf 80' lang='lat' dir='ltr'>De</span> <span class='ocrx_word' id='word_1_241' title='bbox 155 2325 250 2364; x_wconf 81' lang='lat' dir='ltr'>loco</span> <span class='ocrx_word' id='word_1_242' title='bbox 279 2325 383 2364; x_wconf 87' lang='lat' dir='ltr'>unde</span> <span class='ocrx_word' id='word_1_243' title='bbox 404 2326 595 2377; x_wconf 84' lang='lat' dir='ltr'>populum</span> <span class='ocrx_word' id='word_1_244' title='bbox 616 2327 669 2363; x_wconf 78' lang='lat' dir='ltr'>al·</span> <span class='ocrx_word' id='word_1_245' title='bbox 799 2337 816 2365; x_wconf 82' lang='lat' dir='ltr'>x</span> <span class='ocrx_word' id='word_1_246' title='bbox 839 2324 1135 2383; x_wconf 76' lang='lat' dir='ltr'>Quinquaginta</span> <span class='ocrx_word' id='word_1_247' title='bbox 1152 2328 1333 2381; x_wconf 71' lang='lat' dir='ltr'>talenta]</span> 
     </span>
     <span class='ocr_line' id='line_1_34' title="bbox 69 2386 1355 2441; baseline 0.004 -17"><span class='ocrx_word' id='word_1_248' title='bbox 69 2386 179 2438; x_wconf 86' lang='lat' dir='ltr'>loqui</span> <span class='ocrx_word' id='word_1_249' title='bbox 209 2399 297 2425; x_wconf 85' lang='lat' dir='ltr'>mos</span> <span class='ocrx_word' id='word_1_250' title='bbox 340 2398 440 2425; x_wconf 85' lang='lat' dir='ltr'>erat.</span> <span class='ocrx_word' id='word_1_251' title='bbox 477 2386 671 2438; x_wconf 81' lang='lat' dir='ltr'>Loquitur</span> <span class='ocrx_word' id='word_1_252' title='bbox 733 2386 887 2425; x_wconf 75' lang='lat' dir='ltr'>Marcae</span> <span class='ocrx_word' id='word_1_253' title='bbox 936 2388 1092 2441; x_wconf 84' lang='lat' dir='ltr'>argenti</span> <span class='ocrx_word' id='word_1_254' title='bbox 1143 2389 1355 2429; x_wconf 75' lang='lat' dir='ltr'>nostrates—</span> 
     </span>
     <span class='ocr_line' id='line_1_35' title="bbox 70 2446 1116 2497; baseline 0.004 -13"><span class='ocrx_word' id='word_1_255' title='bbox 70 2460 182 2486; x_wconf 83' lang='lat' dir='ltr'>more</span> <span class='ocrx_word' id='word_1_256' title='bbox 205 2447 386 2486; x_wconf 87' lang='lat' dir='ltr'>Romano</span> <span class='ocrx_word' id='word_1_257' title='bbox 413 2446 561 2487; x_wconf 85' lang='lat' dir='ltr'>Livius.</span> <span class='ocrx_word' id='word_1_258' title='bbox 585 2449 676 2487; x_wconf 87' lang='lat' dir='ltr'>No·</span> <span class='ocrx_word' id='word_1_259' title='bbox 738 2448 855 2497; x_wconf 76' lang='lat'>4687</span> <span class='ocrx_word' id='word_1_260' title='bbox 872 2474 883 2492; x_wconf 94' lang='lat'>‚</span> <span class='ocrx_word' id='word_1_261' title='bbox 918 2449 1044 2487; x_wconf 77' lang='lat' dir='ltr'>unciae</span> <span class='ocrx_word' id='word_1_262' title='bbox 1073 2462 1116 2497; x_wconf 89' lang='lat'>4.</span> 
     </span>
     <span class='ocr_line' id='line_1_36' title="bbox 71 2507 1338 2564; baseline 0.002 -18"><span class='ocrx_word' id='word_1_263' title='bbox 71 2518 155 2546; x_wconf 86' lang='lat' dir='ltr'>tum</span> <span class='ocrx_word' id='word_1_264' title='bbox 204 2508 258 2548; x_wconf 85' lang='lat' dir='ltr'>est</span> <span class='ocrx_word' id='word_1_265' title='bbox 303 2507 441 2548; x_wconf 82' lang='lat' dir='ltr'>Rostra</span> <span class='ocrx_word' id='word_1_266' title='bbox 495 2508 677 2563; x_wconf 77' lang='lat' dir='ltr'>templum</span> <span class='ocrx_word' id='word_1_267' title='bbox 712 2554 716 2562; x_wconf 39' lang='grc' dir='ltr'><strong><em>Ι</em></strong></span> <span class='ocrx_word' id='word_1_268' title='bbox 805 2509 940 2548; x_wconf 84' lang='lat' dir='ltr'>2Duo</span> <span class='ocrx_word' id='word_1_269' title='bbox 965 2509 1094 2548; x_wconf 79' lang='lat' dir='ltr'>millia</span> <span class='ocrx_word' id='word_1_270' title='bbox 1116 2510 1338 2564; x_wconf 62' lang='lat' dir='ltr'>zulemam]</span> 
     </span>
     <span class='ocr_line' id='line_1_37' title="bbox 74 2567 1347 2627; baseline 0.005 -20"><span class='ocrx_word' id='word_1_271' title='bbox 74 2567 215 2618; x_wconf 73' lang='lat' dir='ltr'>fuisse,</span> <span class='ocrx_word' id='word_1_272' title='bbox 254 2568 293 2608; x_wconf 86' lang='lat' dir='ltr'>id</span> <span class='ocrx_word' id='word_1_273' title='bbox 326 2569 408 2616; x_wconf 83' lang='lat' dir='ltr'>est,</span> <span class='ocrx_word' id='word_1_274' title='bbox 443 2569 574 2609; x_wconf 80' lang='lat' dir='ltr'>locum</span> <span class='ocrx_word' id='word_1_275' title='bbox 611 2584 676 2610; x_wconf 83' lang='lat' dir='ltr'>au·</span> <span class='ocrx_word' id='word_1_276' title='bbox 741 2569 891 2614; x_wconf 77' lang='lat' dir='ltr'>Marcae</span> <span class='ocrx_word' id='word_1_277' title='bbox 906 2569 1347 2627; x_wconf 70' lang='lat' dir='ltr'>suntargenti187500</span> 
     </span>
     <span class='ocr_line' id='line_1_38' title="bbox 77 2629 918 2684; baseline 0.005 -16"><span class='ocrx_word' id='word_1_278' title='bbox 77 2629 198 2684; x_wconf 79' lang='lat' dir='ltr'>guriiS</span> <span class='ocrx_word' id='word_1_279' title='bbox 238 2630 528 2673; x_wconf 79' lang='lat' dir='ltr'>consecratum.</span> <span class='ocrx_word' id='word_1_280' title='bbox 575 2631 677 2677; x_wconf 71' lang='lat' dir='ltr'>vid.</span> <span class='ocrx_word' id='word_1_281' title='bbox 914 2651 918 2653; x_wconf 56' lang='lat'>&gt;</span> 
     </span>
    </p>
   </div>
  </div>
 </body>
</html>
