1670 3068
357 133 478 191 432
641 116 696 174 T
741 133 761 173 1
806 134 845 174 τ
890 131 910 171 1
997 117 1045 174 L
1086 133 1108 173 ι
1153 133 1199 173 v
1244 134 1265 173 1
1313 136 1338 175 1

150 195 489 258 U.c.584.effet.
517 193 649 247 Inter
682 197 785 247 haec
817 198 1054 248 Meliboea
1085 216 1110 246 a
1140 196 1236 246 Cn.
1264 195 1474 247 ORavio
1499 198 1640 263 capi-

149 262 342 306 ²·C·16S·
360 280 435 314 tur
467 264 814 333 diripiturque3
845 267 906 315 ad
923 265 1169 330 AEginium
1189 302 1204 325 ,
1232 265 1292 314 ad
1314 265 1447 331 quod
1479 283 1639 331 oppu-

357 335 605 401 gnandum
637 333 734 384 Cn.
761 334 964 382 Anicius
993 333 1175 399 legatus
1196 332 1352 382 miffus
1381 347 1510 393 erat,
1548 334 1637 382 du·

358 403 484 451 centi
520 405 777 466 eruptione
816 418 876 449 ex
922 403 1110 466 oppido
1146 399 1269 450 faeiat
1303 399 1451 449 amiffi
1494 399 1631 462 sunt,

196 476 343 532 Consul
358 470 533 536 ignaris
572 467 927 535 AEginienfibus
966 469 1264 517 debellatum
1299 468 1408 517 esse.
1453 466 1635 520 Consul

145 537 304 580 Pellam
358 556 384 586 a
406 537 579 603 Pydna
601 536 843 603 profthus
859 574 874 596 ,
894 553 1003 584 cum
1019 551 1126 586 toto
1149 538 1360 585 exercitu
1380 537 1458 586 die
1480 537 1635 587 altero

136 603 268 645 asenit.
359 605 542 655 Pellam
569 607 819 671 pervenit:
854 605 906 654 &
927 641 943 664 ,
973 621 1120 670 quum
1150 603 1296 652 castra
1319 605 1449 653 mille
1481 603 1634 671 passus

353 675 469 723 inde
495 672 748 738 posuisset,
783 690 870 739 per
905 673 1088 738 aliquot
1122 673 1224 722 dies
1257 672 1323 721 ibi
1350 671 1515 722 stativa
1541 674 1637 722 ha-

352 742 484 790 buit:
511 739 646 790 fitum
662 742 788 790 urbis
809 740 1023 806 undique
1043 740 1337 806 adspicien53
1366 759 1508 807 quam
1532 748 1656 791 non'

347 809 447 859 fine
475 809 612 858 causa
655 808 890 860 deleElam
923 807 1016 858 effe
1052 812 1236 876 regiam
1270 809 1495 858 advertit.
1528 808 1632 860 Sita.

349 876 418 926 est
438 879 486 925 in
524 879 713 926 tumulo
738 915 752 938 ‚
790 893 1026 943 vergente
1057 878 1106 925 in
1137 877 1444 926 occidentem
1473 877 1631 927 hiber-

346 964 464 995 num
495 963 510 1007 ;
551 948 748 1011 cingunt
778 944 1400 1011 palude5‚inexsuperabilis
1428 946 1631 995 altitudi-

344 1015 449 1072 nis,
476 1011 632 1063 aestate
659 1014 710 1061 &
728 1014 888 1063 hieme
917 1030 929 1072 ;
965 1032 1081 1080 quas
1110 1013 1429 1081 restagnantes
1449 1013 1628 1064 faciunt

343 1080 494 1130 lacus.
537 1079 592 1130 In
632 1081 730 1147 ipsa
762 1082 938 1146 palude
958 1120 973 1141 ,
1007 1082 1100 1147 qu‘a
1124 1080 1352 1148 ‘proxima
1390 1081 1493 1130 urbi
1524 1081 1590 1130 est
1610 1118 1626 1144 ,

342 1151 479 1199 velut
506 1149 653 1198 insula
678 1148 899 1215 eminet(
922 1150 1039 1217 arx)
1061 1152 1224 1217 aggeri
1242 1152 1400 1216 operis
1421 1151 1628 1217 ingentis

341 1217 569 1284 imposita
597 1237 607 1266 :
645 1234 666 1285 3
700 1220 779 1284 qui
803 1219 853 1266 δὲ
876 1236 1064 1267 murum
1084 1218 1303 1268 sustineat
1324 1257 1336 1275 ‚
1361 1219 1626 1268 &hutnore
1669 1241 1670 1258 π

342 1285 638 1336 circumfusae
684 1286 868 1352 paludis
901 1286 1017 1334 nihil
1051 1288 1265 1336 laedatur.
1311 1285 1456 1335 Muto
1495 1288 1623 1336 urbis

343 1354 601 1419 conjunssai
628 1356 796 1421 procul
818 1354 1009 1403 videtur
1032 1373 1042 1402 z
1067 1354 1213 1403 divisa
1245 1352 1310 1403 est
1333 1372 1364 1415 4
1389 1357 1624 1404 intermu-

343 1424 425 1471 rali
460 1424 624 1484 amni,
665 1423 714 1470 &
753 1423 925 1472 eadem
951 1436 1103 1488 ponte
1134 1421 1289 1487 junela
1312 1439 1321 1470 ι
1343 1437 1391 1470 ut
1412 1439 1503 1471 nec
1527 1441 1625 1488 op-

340 1507 591 1559 pugnante
627 1506 831 1540 externo
876 1507 895 1557 5
945 1490 1128 1540 aditum
1164 1491 1221 1539 ab
1250 1491 1345 1538 ulla
1379 1505 1514 1557 parte
1542 1491 1626 1539 ha-

337 1559 451 1608 beat
486 1577 497 1608 :
539 1577 667 1619 nec,
707 1558 740 1606 fi
771 1575 916 1623 quem
955 1559 1018 1607 ibi
1060 1575 1144 1608 rex
1182 1559 1394 1607 includat
1421 1596 1435 1617 ‚
1473 1559 1623 1609 ullum

340 1627 429 1677 nisi
463 1644 551 1693 per
590 1626 828 1678 facillimae
860 1624 1088 1676 custodiae
1135 1643 1338 1693 pontem
1375 1625 1628 1694 effugium.‚

339 1692 402 1745 Et
438 1714 553 1764 gaza
585 1696 715 1763 regia
752 1698 800 1744 in
838 1712 899 1744 eo
931 1696 1045 1744 loco
1081 1709 1218 1745 erat:
1252 1695 1334 1744 sed
1373 1710 1475 1745 tum
1505 1695 1622 1744 nihil

337 1780 514 1830 praeter
555 1763 585 1813 6
629 1779 845 1813 trecenta
870 1764 1081 1824 talenta,
1122 1781 1228 1830 quae
1264 1762 1394 1812 miffa
1436 1761 1620 1813 Gentio

334 1834 439 1900 regi
464 1871 477 1892 ,
502 1832 680 1881 deinde
700 1846 886 1883 retenta
906 1831 1119 1891 fuerant,
1139 1835 1391 1881 inventum
1417 1830 1499 1880 est.
1531 1830 1621 1881 Per

336 1919 461 1965 quos
492 1901 593 1950 dies
617 1901 678 1950 ad
700 1899 881 1950 Pellam
907 1898 1073 1950 stativa
1095 1899 1286 1949 fuerunt
1305 1937 1320 1960 ‚
1353 1901 1621 1966 legationes

336 1968 615 2035 frequentes
636 2007 651 2029 ‚
685 1986 791 2032 quae
811 1969 871 2017 ad
893 1968 1227 2036 gratulandum
1253 1984 1620 2027 convenerant,

158 2045 324 2092 Deinde,
340 2039 552 2086 maxime
574 2054 633 2087 ex
651 2036 891 2086 Thessalia
908 2074 922 2095 ,
940 2037 1112 2086 auditae
1135 2036 1253 2086 sunt.
1277 2035 1462 2085 Nuntio
1484 2036 1621 2086 dein-

124 2109 297 2163 -Amphi-
340 2107 401 2155 de
439 2121 646 2171 accepto
685 2143 700 2165 ,
752 2105 919 2155 Persea
953 2104 1318 2156 Samothracam
1351 2102 1616 2167 trajecisse,

118 2171 266 2224 polim.
337 2173 584 2242 profeGms
613 2191 640 2222 a
670 2172 803 2223 Pella
830 2173 995 2224 consul
1019 2175 1196 2241 quartis
1219 2170 1377 2222 castris
1403 2171 1617 2239 Amphi·

395 2310 418 2353 3
456 2298 538 2358 Qui
575 2298 612 2340 δ’
647 2313 791 2339 murum
824 2295 941 2353 susti·
1005 2297 1048 2340 &
1071 2296 1374 2340 muruminsulae
1393 2297 1473 2338 five
1490 2297 1609 2340 arcis.

330 2359 458 2412 neat]
493 2360 575 2419 Qui
613 2374 738 2415 agger
782 2360 818 2400 δ’
857 2375 940 2400 mu·
1071 2372 1087 2412 5
1126 2361 1402 2402 Aditum...
1427 2359 1606 2413 habeat]

331 2440 414 2464 rum
447 2424 548 2464 arcis
576 2419 780 2476 sustineat.
1003 2422 1142 2462 Ullum
1174 2423 1319 2462 habeat
1366 2422 1500 2462 locum
1536 2433 1611 2476 per

391 2497 421 2535 4
446 2482 727 2534 Inter-murali]
751 2483 849 2523 Vox
879 2496 937 2523 ra·
1002 2497 1120 2538 quem
1155 2483 1254 2523 adiri
1283 2482 1413 2537 possit.

323 2546 469 2588 tiffima
499 2560 511 2587 t
542 2544 656 2594 cujus
685 2544 816 2585 sensus
859 2544 937 2585 effe
1064 2546 1088 2585 6
1107 2544 1298 2585 Trecenta
1310 2545 1481 2598 talenta]
1499 2543 1608 2585 Mar·

328 2609 504 2656 videtur,
521 2608 625 2648 inter
642 2607 841 2660 duplicem
852 2620 937 2646 mu-
1000 2621 1065 2650 cas
1087 2606 1245 2664 argenti
1270 2605 1437 2658 28125.

326 2684 413 2711 xum
441 2670 592 2712 fluente
611 2697 623 2719 ,
651 2682 806 2711 murum
825 2668 935 2714 urbis
1525 2724 1554 2772 l-

1454 2742 1519 2792 ΡΟ
1543 2740 1606 2773 lm
