1670 3068
363 101 731 157 LlssER
825 96 1033 155 XLI.
1210 115 1318 171 197

50 185 250 249 eripere.
283 179 353 229 Ita
373 182 437 229 uti
460 179 638 228 censuit
671 178 856 227 senatus
883 215 896 237 ‚
930 175 1123 224 comitia
1140 174 1316 224 habita.
1339 190 1524 243 [Rc-575·

50 250 280 302 Consules
304 250 450 297 creati
478 245 571 296 Cn.
593 246 849 296 Cornelius
872 245 1037 308 Scipio
1059 241 1280 307 Hispalus
1302 280 1315 302 ‚
1335 258 1352 284 2¹
1381 246 1526 309 (3277-

6 328 13 335 ‘
45 318 122 382 Q.
152 315 358 366 Petillius
379 315 622 380 Spurinus.
659 314 891 362 Praetores
924 313 1035 360 inde
1061 310 1166 358 faffi
1187 348 1201 370 ‚
1240 311 1314 358 M.
1338 304 1522 344 Comitia.

45 385 271 451 Popillius
320 384 485 432 Laenas
519 421 534 444 ‚
590 382 642 430 P.
697 382 903 430 Licinius
955 377 1144 428 Crassus
1172 415 1186 435 ,
1245 379 1318 426 M.

51 451 306 503 Cornelius
337 451 495 516 Scipio
513 488 528 511 ‚
557 452 610 500 L.
638 449 850 515 Papirius
878 448 1014 496 Maso
1037 484 1049 505 ‚
1085 446 1158 494 M.
1182 444 1317 494 Abu-

47 523 173 580 rius,
209 520 261 568 L.
295 519 517 586 Aquilius
554 518 741 568 Gallus.
783 516 843 566 C.
891 514 1101 564 Claudio
1136 513 1316 561 consuli

47 603 355 656 prorogatum
397 589 444 634 in
493 604 669 635 annum
710 587 963 650 imperium
991 621 1006 643 ‚
1056 583 1106 631 &
1154 580 1317 630 Gallia

84 658 333 704 rovincia':
365 656 444 714 &‚
480 672 541 703 ne
571 654 672 702 Issri
701 669 897 719 quoque
925 652 1058 699 idem
1096 649 1230 716 quod
1264 650 1318 697 &

45 675 240 790 {figures
288 722 503 772 facerent
541 761 555 782 ‚
610 723 764 770 socios
809 722 1020 768 nominis
1069 718 1224 765 Latini
1271 718 1319 764 in
1340 764 1370 789 η
1461 777 1482 785 -

37 784 226 841 ‘Istriam
256 792 468 839 mitteret
488 826 502 850 ‚
533 809 656 857 quos
684 790 914 852 triumphi
940 787 1081 835 caus&
1111 786 1170 835 de
1202 803 1318 849 pro-
1338 764 1527 855 “lm-⁶

36 861 199 924 *vincia
236 857 515 907 deduxisset.
545 858 639 907 Cn.
673 855 909 906 Cornelio
945 856 997 903 ὃ(
1026 854 1095 918 Ω.
1126 853 1314 901 Petillio
1333 841 1526 917 ‘Ciscoss

48 926 316 976 consulibus
349 964 362 986 ‚
415 943 511 993 quo
557 929 633 974 die
687 923 1012 991 magistratum
1054 924 1261 970 inierunt
1297 940 1470 985 melio,

44 995 402 1045 immolantibus
445 994 559 1043 Jovi
587 993 776 1059 lingulis
813 994 967 1039 bubus
991 1028 1004 1050 ,
1050 991 1118 1038 uti
1156 991 1276 1038 solet
1300 1000 1525 1053 ,Qffletih

36 1064 91 1122 „in
123 1080 180 1111 ea
216 1060 361 1110 hostia
385 1099 399 1122 ‚
434 1063 529 1128 quii
562 1060 637 1125 Q.
670 1060 880 1109 Petillius
916 1056 1196 1107 sacrificavit
1220 1095 1234 1117 ,
1264 1060 1311 1106 in
1331 1065 1384 1105 lio
1413 1061 1523 1103 Coss.

42 1129 257 1197 jecinore
280 1146 420 1194 caput
437 1147 536 1178 non
555 1131 842 1187 inventum3
865 1128 912 1176 id
936 1145 1082 1191 quum
1102 1128 1161 1173 ad
1181 1125 1318 1174 sena-

7 1209 10 1212 ’
43 1196 143 1248 tum
178 1197 435 1260 retulisset‚
471 1198 601 1246 bove
636 1197 856 1263 perlitare
877 1193 1047 1261 justiis.
1089 1193 1171 1243 De
1201 1212 1316 1259 pro·

43 1268 212 1316 vinciis
231 1266 404 1314 deinde
429 1266 666 1314 consultus
686 1264 872 1313 senatus
897 1302 912 1323 ‚
945 1262 1068 1311 Pisas
1093 1263 1144 1310 &
1170 1261 1318 1325 Ligu-

43 1351 115 1384 res
153 1335 446 1400 provincias*
467 1333 740 1383 consulibus
779 1332 1011 1381 decrevit.
1067 1329 1163 1379 Cui
1205 1330 1318 1379 Pffae

38 1404 291 1468 ‘provincia
307 1400 573 1451 obveniffet
591 1440 604 1461 ,
623 1418 768 1468 quum
783 1399 1140 1466 magistratuum
1153 1415 1320 1446 crean-

42 1470 216 1520 dorum
241 1486 433 1535 tempus
470 1469 613 1528 esset,
641 1470 701 1516 ad
732 1470 926 1517 comitia
954 1468 1133 1516 reverti
1155 1466 1316 1531 juliit3

38 1538 256 1588 additum
289 1537 489 1586 decreto
516 1575 530 1597 ‚
570 1553 620 1585 ut
657 1536 685 1585 8
718 1536 852 1585 binas
893 1537 1115 1603 legiones
1160 1552 1317 1592 novas

35 1604 293 1656 scriberent
313 1645 328 1666 ‚
366 1607 414 1655 ὃ(
433 1622 674 1655 trecentos
695 1607 880 1670 equites
907 1623 918 1653 ι
950 1605 1001 1652 ὅ(
1024 1604 1149 1651 dena
1170 1605 1316 1652 millia

37 1675 256 1741 peditum
281 1675 417 1723 sociis
438 1676 720 1739 nominique
743 1673 915 1721 Latino
937 1709 951 1732 ‚
988 1673 1039 1721 ὃ(
1060 1671 1313 1720 sexcentos

39 1744 331 1808 imperarent
373 1745 576 1808 equites.
623 1741 704 1790 Ti.
745 1739 955 1790 Claudio
996 1756 1315 1806 prorogatum

39 1809 104 1860 est
125 1812 378 1876 imperium
403 1812 448 1858 in
472 1811 520 1858 id
543 1825 737 1876 tempus
763 1847 778 1870 ‚
812 1827 909 1876 quo
933 1809 978 1856 in
1011 1811 1317 1875 provinciam

40 1878 202 1928 consul
228 1876 442 1927 veniffet.

106 1945 224 1994 XV.
268 1945 405 1994 Dum
442 1946 503 1995 de
545 1946 614 1994 his
654 1943 795 1994 rebus
828 1947 876 1993 in
911 1943 1073 1994 senatu
1118 1946 1272 2010 agitur
1299 1981 1316 2004 ‚

39 2010 134 2064 Cn.
156 2012 444 2075 Cornelius,
476 2030 706 2064 evocatus
728 2032 754 2062 a
772 2014 991 2074 viatore,
1021 2029 1168 2079 quum
1188 2028 1317 2061 tem-

98 2147 264 2189 SBinas
278 2147 451 2205 legiones
467 2163 644 2188 novas...
707 2161 842 2188 merus
869 2145 1090 2188 intercidit.
1125 2145 1165 2184 Si
1193 2146 1232 2185 id
1254 2146 1315 2185 se-

41 2207 78 2249 &
110 2222 302 2250 trecentos
346 2210 522 2263 equites]
561 2210 644 2249 Vix
708 2223 871 2262 quamur
921 2210 1028 2262 quod
1076 2208 1342 2261 plerumque·

40 2270 206 2311 dubitari
237 2270 399 2324 potest,
430 2271 522 2322 quin
576 2270 643 2310 hic
706 2271 766 2310 his
802 2272 1051 2321 temporibus
1094 2269 1315 2309 fatstitatum

40 2332 234 2372 exciderit
255 2332 417 2384 aliquid.
436 2331 642 2385 Expreffe-
707 2332 760 2372 est
781 2360 792 2380 ‚
820 2332 1001 2371 videmur
1034 2332 1172 2385 legere
1195 2331 1316 2369 debe·

37 2404 97 2434 rat
119 2407 261 2447 nempe
282 2393 417 2433 Livius
437 2407 510 2447 pro
530 2407 641 2433 more
707 2408 749 2434 re
785 2407 796 2434 ε
830 2392 957 2433 Binas
987 2393 1159 2448 legiones
1193 2406 1318 2431 novas

39 2453 109 2495 suo
139 2482 150 2501 ‚
199 2466 386 2508 quantum
428 2455 606 2508 pediturn
626 2483 639 2500 ,
699 2453 917 2508 scriberent
956 2470 971 2501 ς
1019 2454 1135 2508 quina
1186 2452 1316 2492 millia

38 2527 223 2568 quantum
252 2516 429 2570 equitum
459 2515 642 2570 legiones
706 2516 746 2556 in
769 2515 945 2572 singulas
980 2515 1015 2555 δ’
1049 2516 1215 2553 ducenos
1243 2529 1317 2567 pe·

41 2590 153 2617 novae
177 2592 260 2630 quae
280 2578 550 2616 scribebantur
570 2578 640 2616 ha·
706 2578 804 2616 dites
820 2606 829 2624 ,
848 2590 1023 2616 trecenos
1035 2575 1195 2628 equites.
1212 2576 1314 2616 vid.

39 2637 134 2678 bere
147 2638 356 2682 deberent.
373 2638 553 2681 Peditum
566 2653 641 2679 nu·
705 2639 818 2693 suprii
841 2653 877 2679 c.
894 2650 916 2691 9
936 2639 998 2682 ,ἃ
1014 2639 1041 2676 1.
1058 2636 1156 2685 XL,
1179 2651 1215 2681 c.
1244 2637 1313 2678 18.

918 2695 941 2744 1
995 2695 1040 2761 113
