1670 3068
277 118 633 174 LIBER
727 116 1044 174 XLIII.
1176 137 1281 194 331

15 198 170 257 bant,
213 198 341 262 apud
386 197 637 247 Romanos
679 198 932 246 criminari.
972 197 1031 245 Et
1079 196 1287 262 speciem
1312 212 1501 262 U,c.581.

15 264 273 332 'quamdam
317 265 632 331 coloremque
687 265 830 313 dabat
885 263 987 329 ejus
1042 266 1289 315 calumniis
1311 269 1496 318 3.(.{.I71.

24 350 79 383 ea
106 331 397 381 neceffitudo
419 370 433 390 ,
467 351 573 397 quae
609 333 723 381 olim
765 331 989 398 Cephalo
1025 333 1288 395 ceterisque

23 400 241 451 eamdem
269 400 439 449 sefiam
468 401 772 465 sequentibus
804 419 911 449 cum
942 400 1132 466 regibus
1176 400 1289 448 Ma·

22 467 261 526 cedonum
286 468 457 516 fuerat.
491 467 595 516 Jam
621 470 740 517 vero
761 472 924 518 omnia
950 468 1140 516 illorum
1165 467 1287 516 dic‘Ia

12 534 236 600 efaetaque
256 537 463 602 maligne
501 536 759 600 explorans
782 575 795 594 ‚
831 537 878 584 Sc
914 539 959 583 in
988 534 1125 601 peius
1160 534 1287 584 sem-

9 618 104 670 iper
129 602 419 668 detorquens
440 642 454 662 ‚
496 605 847 670 veritatemque
890 602 1085 665 adjeffis
1120 604 1288 652 detra-

12 668 193 735 &isque
231 689 335 736 quae
377 672 597 720 voluerat
620 672 919 733 adulteram,
953 670 1100 720 fidem
1128 673 1288 721 crimi-

11 738 156 787 ¹nibus
182 736 401 787 faciebat.
432 738 606 804 Neque
629 740 700 787 his
720 753 881 788 tamen
901 740 1290 788 commoveban-

21 819 94 854 tur
123 804 366 871 Cephalus
393 808 444 854 δι
475 809 503 855 ii
532 809 608 873 qui
637 807 920 856 eorumdem
957 810 1004 855 in
1041 808 1287 873 republica

21 871 322 922 consiliorum
349 873 460 922 socii
484 891 616 923 erant
635 912 648 935 ‚
684 873 789 924 freti
820 876 1012 942 egregia
1039 874 1289 923 conscien-

9 941 83 990 tia
115 941 306 989 illibatae
341 959 453 1008 erga
491 941 745 991 Romanos
794 941 925 991 fidei.
976 942 1161 990 Verum
1203 944 1288 992 ubi

16 1008 101 1058 illis
132 1010 540 1058 criminationibus
576 1028 739 1058 aurem
783 1012 998 1077 praebere
1035 1009 1288 1059 Romanos

7 1073 253 1125 »senserunt
280 1115 294 1138 ‚
348 1078 399 1126 ὅ(
441 1080 678 1144 principes
718 1079 946 1144 quosdam
974 1078 1247 1128 AEtolorum
1269 1117 1290 1139 ,

6 1160 136 1210 =quos
175 1147 350 1211 pariter
389 1144 623 1210 suspe&os
659 1145 871 1195 fecerant
907 1146 1289 1195 obtreRatorum

19 1212 264 1261 calumniae
279 1251 293 1272 ‚
313 1212 524 1261 Romam
539 1214 769 1262 abductos
784 1252 796 1273 ,
821 1231 923 1262 tum
945 1215 1141 1263 demum
1162 1233 1287 1280 opus

7 1278 112 1330 *ess'e
132 1281 437 1329 crediderunt
457 1319 470 1341 ,
494 1297 545 1339 ut
572 1280 653 1329 fibi
679 1282 762 1346 ipsi
787 1283 969 1348 suisque
994 1284 1136 1331 rebus
1164 1301 1286 1331 con-

18 1345 236 1398 sulere-nt.
271 1348 441 1413 Quum
461 1364 619 1397 autern
652 1351 764 1397 nihil
795 1350 1087 1399 succurreret
1109 1367 1285 1415 praeter

15 1417 193 1482 regiam
213 1419 467 1465 amicitiam
492 1455 505 1476 ‚
535 1435 642 1464 cum
669 1416 840 1467 Perseo
866 1418 1145 1467 societatem
1164 1421 1285 1469 inire

16 1483 163 1533 coafii
189 1483 291 1532 sunt
312 1522 326 1545 ,
357 1487 500 1551 eique
526 1500 719 1551 gentem
751 1485 877 1534 suam
908 1487 1111 1536 tradere.

80 1568 128 1613 4.
158 1551 332 1601 Romae
363 1553 426 1602 A.
456 1551 716 1611 Hostilius,
746 1552 810 1603 A.
836 1553 1017 1603 Atilius
1031 1548 1492 1617 confitle.s‚U-9.582··

13 1617 128 1669 inito
147 1620 415 1688 magistratu
437 1656 451 1679 ‚
487 1622 537 1670 &
563 1620 762 1687 peraffls
787 1640 892 1688 quae
922 1623 1084 1672 divina
1112 1624 1280 1670 huma·
1298 1607 1492 1704 3030·

0 1703 166 1754 triaque
185 1691 231 1736 in
252 1690 370 1739 urbe
394 1690 446 1737 ὅτ.
477 1691 600 1738 circa
625 1690 793 1739 urbem
824 1690 927 1740 fieri
952 1710 978 1740 a
1011 1691 1282 1740 consulibus
1299 1694 1398 1765 msto
1436 1680 1495 1766 ἶ

12 1770 115 1804 mos
139 1755 204 1804 est
222 1795 238 1815 ,
272 1760 318 1806 in
341 1758 614 1823 provincias
640 1758 842 1824 profeffi
867 1758 986 1809 sunt.
1018 1759 1247 1808 Hostilius
1267 1797 1283 1820 ‚
1305 1755 1428 1827 Atili}
1476 1754 1490 1767 ⁶

14 1824 87 1871 cui
114 1822 406 1874 Macedonia
438 1825 711 1892 obtigerat,
744 1844 892 1889 quum
923 1829 970 1875 in
987 1826 1278 1876 Thessaliam
1300 1849 1406 1888 Coss'.

13 1889 69 1938 ad
88 1895 350 1941 exercitum
380 1909 663 1958 properaret
682 1931 696 1953 ‚
740 1892 938 1959 Epirum
969 1933 982 1955 ‚
1017 1913 1121 1959 quae
1145 1913 1275 1942 non·
1299 1910 1495 1959 Hostilius

15 1956 128 2007 dum
149 1962 311 2025 aperte
334 1960 578 2010 defecerat
601 2000 614 2020 ‚
650 1962 876 2026 ingressus
892 2001 906 2023 ‚
931 1981 1098 2029 parum
1127 1962 1278 2011 abfuit
1301 1971 1386 2024 Cos.
1407 1972 1496 2024 infi-

16 2028 126 2091 quin
180 2029 414 2078 incideret
463 2031 511 2077 in
559 2029 714 2078 Persei
758 2049 941 2080 manus.
991 2029 1280 2080 Theodotus
1301 2032 1493 2073 diasPen-

16 2095 143 2142 enim
166 2097 357 2161 quidam
399 2097 450 2146 ἃ
482 2096 786 2146 Philostratus
819 2100 907 2147 rati
935 2099 1028 2148 sese
1055 2137 1069 2158 ‚
1111 2098 1143 2146 st
1169 2116 1276 2147 eum
1291 2092 1352 2148 sei
1380 2095 1445 2162 'NJ-⁸

14 2163 112 2228 regi
151 2165 427 2225 traderent,
470 2183 691 2230 magnam
719 2169 918 2232 gratiam
953 2167 1079 2232 apud
1112 2165 1279 2215 Persea
1298 2155 1452 2212 effuga.

12 2229 207 2279 inituros
226 2270 240 2292 ‚
279 2234 327 2280 ⁵&
349 2232 669 2300 gravissimum
688 2235 736 2281 in
770 2234 1015 2300 praesentia
1045 2234 1281 2282 Romanis

15 2295 241 2348 damnum
276 2301 490 2350 illaturos
513 2339 526 2360 ,
562 2302 621 2349 ad
658 2319 822 2369 regem
861 2304 1040 2351 litteras
1068 2303 1284 2362 dedere,

17 2378 66 2414 ut
91 2367 267 2431 quanta
302 2369 509 2417 maxima
544 2368 697 2434 posset
730 2370 976 2419 celeritate
1007 2384 1292 2419 accurreret.

15 2430 283 2496 Quodnisi
309 2436 361 2484 &
396 2435 620 2485 Perseum
668 2436 853 2500 objecta
892 2458 917 2487 a
959 2436 1179 2487 Molossis
1220 2438 1281 2485 ad

16 2497 170 2549 Loum
202 2520 391 2553 amnem
416 2522 549 2551 mora
582 2505 858 2554 retardasset
884 2545 897 2563 ‚
936 2506 985 2554 ὅ(
1012 2505 1182 2553 -consul
1219 2505 1280 2554 de

15 2566 278 2619 imminenti
312 2573 530 2638 periculo
565 2575 773 2621 monitus
798 2574 857 2621 ab
876 2573 1087 2622 instituto
1109 2575 1284 2622 itinere

18 2633 303 2701 deflexisset,
331 2642 413 2691 vix
431 2640 621 2691 videtur
643 2640 851 2710 effugere
877 2640 1094 2710 potuiffe.
1130 2640 1282 2712 Igitur
