1670 3068
281 95 641 151 LIBER
733 94 1056 151 XLIII.
1191 110 1300 172 353

20 171 140 225 urbm
167 190 274 239 pars
301 174 589 241 phalangitae
613 189 746 224 erant
767 211 781 234 ,
821 175 870 222 &
893 174 1080 223 duobus
1098 174 1304 222 millibus
1325 189 1512 241 U‚c‚5g3‚

21 242 212 292 'levium
253 259 546 290 armatorum
575 281 590 303 ‚
644 242 695 291 &
743 242 1014 308 quingentis
1067 242 1516 305 equitibusa.C.1(>9.

18 306 274 376 tpr'ofeRus
306 347 319 367 ‚
371 308 624 358 Stuberam
679 311 830 358 venit.
889 308 1006 357 Inde
1058 306 1303 357 frumento

37 377 353 442 complurium
393 377 575 425 dierum
612 377 801 442 sumpto
830 414 844 436 ‚
889 374 1103 439 jussoque
1145 393 1303 440 appa-

19 458 136 492 'ratu
167 445 600 510 oppugnandarum
631 445 818 492 urbium
850 443 1009 510 sequi,
1046 443 1189 490 tertio
1224 443 1302 491 die

17 525 68 572 .4
92 509 152 559 ad
191 510 427 559 Uscanam
463 510 484 578 (
519 511 802 561 Penestianae
833 527 968 560 terrae
1005 527 1058 559 ea
1094 510 1306 559 maxima

36 578 145 628 urbs
174 576 275 644 est)
304 579 459 644 posuit
489 579 665 640 castra,
702 582 828 645 prius
851 595 1013 628 tamen
1036 578 1176 643 quam
1200 580 1304 626 vim

15 644 348 706 ¹admoveret,
387 645 527 696 miffis
561 649 642 714 qui
683 661 921 695 tentarent
963 664 1089 693 nunc
1125 645 1304 711 praefe-

24 711 216 773 ΓΕἱοιίιῑη
250 714 449 778 praesidii
479 752 495 776 ,
531 733 658 763 nunc
690 715 1045 779 oppidanorum
1071 717 1296 773 animos3

12 795 131 831 *erat
167 798 325 830 autem
351 782 413 829 ibi
455 799 563 831 cum
597 781 850 846 juventute
883 780 1162 846 Illyriorum
1200 781 1305 830 Ro-

33 865 226 898 manum
251 849 535 914 praefidium.
570 849 821 916 Postquam
846 850 960 896 nihil
992 850 1145 914 pacati
1174 848 1303 898 refe-

31 916 196 978 rebant
217 954 231 975 ‚
265 935 548 984 oppugnare
580 917 644 967 est
669 917 862 965 adortus
882 956 895 976 ‚
921 917 969 965 &
991 917 1173 964 corona
1195 933 1303 973 eam

21 999 201 1048 ¹capere
235 1001 434 1033 conatus
471 984 535 1033 est
568 1003 583 1043 ·,
633 1003 781 1051 quum
818 983 914 1032 stne
957 982 1300 1034 intermiffione

28 1051 231 1100 interdiu
256 1052 498 1119 noftuque
523 1053 602 1101 alii
633 1055 732 1102 aliis
761 1052 1069 1101 succedentes
1097 1089 1109 1111 ‚
1145 1067 1164 1117 5
1193 1070 1301 1117 pars

27 1116 168 1168 scalas
209 1122 353 1168 muris
377 1125 585 1187 ,ignem
623 1122 774 1186 portis
808 1119 1072 1178 inferrent,
1110 1118 1303 1170 sustine-

27 1184 141 1235 bant
181 1203 344 1236 tamen
380 1206 487 1237 eam
527 1187 864 1254 tempestatem
914 1202 1301 1254 propugnatores

27 1254 183 1316 urbis:
218 1258 327 1322 quia
363 1255 467 1321 spes
508 1272 640 1316 erat,
673 1273 830 1322 neque
861 1256 1031 1303 hiemis
1054 1260 1155 1303 vim
1191 1257 1299 1305 diu·

26 1321 114 1371 tius
149 1326 246 1388 pati
285 1323 585 1372 Macedonas
618 1326 664 1372 in
697 1340 866 1389 aperto
899 1322 1030 1388 posse
1062 1360 1076 1382 ‚
1116 1340 1203 1372 nec
1237 1324 1297 1373 ab

25 1387 250 1440 Romano
283 1392 413 1441 bello
435 1407 619 1441 tantum
653 1395 754 1459 regi
789 1392 1047 1439 laxamenti
1077 1390 1180 1440 fore
1202 1431 1215 1453 ‚
1247 1407 1299 1441 ut

24 1456 176 1524 poffet
219 1461 410 1507 morari.
452 1461 687 1509 Ceterum
736 1458 986 1524 postquam
1014 1461 1194 1525 §vineas
1222 1462 1299 1526 agi

21 1525 267 1592 turresque
316 1528 509 1577 excitari
546 1528 768 1576 viderunt
803 1565 818 1587 ‚
870 1525 991 1575 vi&a
1037 1529 1299 1591 pertinacia

26 1593 126 1654 est3
156 1612 265 1642 nam
289 1632 301 1654 ‚
337 1612 654 1660 praeterquam
686 1596 816 1662 quod
843 1594 1070 1642 adversus
1095 1597 1194 1643 vim
1217 1614 1303 1660 pa·

23 1678 98 1711 res
136 1680 235 1710 non
262 1676 430 1721 erant,
471 1680 532 1711 ne
566 1662 794 1712 frumenti
829 1662 1024 1728 quidem
1049 1676 1128 1710 aut
1158 1664 1298 1713 ullius

22 1729 210 1787 alterius
234 1733 300 1779 rei
325 1732 463 1797 copia
485 1733 609 1779 intus
646 1745 779 1791 erat,
826 1745 876 1778 ut
915 1731 964 1777 in
1007 1733 1298 1796 necopinata

12 1796 287 1861 >obfidione.
327 1797 492 1864 Itaque
524 1817 671 1864 quum
697 1797 796 1864 spei
831 1797 944 1845 nihil
983 1798 1043 1846 ad
1073 1798 1296 1848 resisten-

23 1863 136 1916 dum
156 1864 270 1914 esset
290 1904 302 1925 ‚
336 1865 395 1915 C.
418 1865 656 1916 Carvilius
679 1865 953 1932 Spoletinus
980 1866 1030 1913 ὃ(
1065 1864 1126 1915 C.
1148 1866 1294 1916 Afra·
1317 1915 1321 1918 .

7 1934 125 1982 nius
150 1951 175 1981 a
204 1933 420 1999 praesidio
462 1934 689 1983 Romano
728 1932 846 1982 miffi
879 1971 892 1993 ‚
942 1935 1021 1999 qui
1055 1953 1082 1982 a
1120 1933 1297 1984 Perseo

23 2059 25 2061 ,
82 2033 110 2068 4
129 2020 197 2060 Ad
227 2017 471 2070 Uscanam...
491 2019 623 2075 posuit

23 2081 175 2134 castraj
201 2081 304 2121 Urbs
336 2083 397 2121 illa
420 2110 431 2130 ,
469 2096 505 2122 c.
546 2096 620 2127 10,

20 2141 134 2195 supra
155 2171 166 2187 ‚
199 2143 335 2183 frustra
371 2153 550 2182 tentatur
575 2145 622 2183 ab

21 2203 100 2256 Ap.
123 2203 296 2245 Claudio
315 2233 324 2250 ,
344 2205 381 2244 S<
399 2207 434 2243 in
450 2205 623 2257 potesta·

20 2273 63 2303 te
97 2264 228 2305 Persei
263 2277 457 2306 remanet.
487 2265 623 2317 Quum

14 2324 86 2365 ‘bic
112 2327 231 2381 igitur
267 2342 286 2366 a
321 2326 465 2367 Perseo
500 2342 623 2381 oppu-

15 2382 166 2441 gnetur
185 2418 198 2438 ,
228 2387 527 2442 intelligendum
571 2389 624 2428 est

22 2447 126 2488 illam
156 2449 235 2488 hoc
277 2450 469 2502 temporis
500 2449 624 2502 spatio

23 2507 63 2551 in
91 2510 326 2562 potestatem
350 2510 622 2552 Romanorum

23 2570 186 2610 veniffe.

91 2642 108 2684 ς
156 2631 256 2680 Pars
299 2629 433 2690 scalas
472 2632 620 2682 muris,

687 2022 810 2077 ignem
840 2021 1002 2075 ρονιῖεἶ
1039 2022 1172 2076 Magis
1208 2023 1295 2075 pla-

689 2095 801 2123 ceret
833 2097 920 2122 cum
951 2084 1094 2122 eodem
1130 2084 1293 2124 Grono-

686 2145 755 2183 vio
783 2146 919 2198 legere
949 2158 958 2184 z
985 2141 1119 2196 scalas
1149 2145 1291 2192 muris,

681 2221 776 2260 pars
797 2207 916 2260 ignem
933 2206 1060 2259 portis
1087 2205 1294 2258 inferrent.

685 2267 730 2306 In
775 2268 910 2320 priore
954 2268 1059 2306 enim
1108 2267 1242 2319 potitis
1276 2296 1291 2314 ,

687 2331 802 2382 quam
843 2328 880 2367 in
917 2328 1136 2380 posteriore
1171 2343 1291 2367 mem-

687 2390 759 2429 bro
792 2389 980 2429 omittere
1022 2390 1122 2429 solet
1157 2390 1296 2431 Livius

687 2465 832 2491 vocem
867 2449 942 2502 qua
966 2451 1126 2503 partitio
1148 2442 1292 2503 fignifi-

689 2523 815 2552 catur.
849 2510 979 2565 Virgis
997 2512 1090 2551 caedi
1109 2540 1119 2558 ,
1143 2510 1297 2565 aliise⁴⁸

687 2571 945 2628 curisubjici,
962 2573 989 2616 l.
1013 2573 1070 2614 111
1090 2601 1100 2621 ,
1122 2587 1156 2614 e.
1181 2582 1256 2626 357.
