<?xml version="1.0" encoding="UTF-8"?>
<!DOCTYPE html PUBLIC "-//W3C//DTD XHTML 1.0 Transitional//EN"
    "http://www.w3.org/TR/xhtml1/DTD/xhtml1-transitional.dtd">
<html xmlns="http://www.w3.org/1999/xhtml" xml:lang="en" lang="en">
 <head>
  <title>
</title>
<meta http-equiv="Content-Type" content="text/html;charset=utf-8" />
  <meta name='ocr-system' content='tesseract 3.04.00' />
  <meta name='ocr-capabilities' content='ocr_page ocr_carea ocr_par ocr_line ocrx_word'/>
</head>
<body>
  <div class='ocr_page' id='page_1' title='image "./tliviipatavinihi0302livy/tliviipatavinihi0302livy_0072.png"; bbox 0 0 1670 3068; ppageno 0'>
   <div class='ocr_carea' id='block_1_1' title="bbox 318 93 1298 158">
    <p class='ocr_par' dir='ltr' id='par_1_1' title="bbox 318 93 1298 158">
     <span class='ocr_line' id='line_1_1' title="bbox 318 93 1298 158; baseline 0.004 -4"><span class='ocrx_word' id='word_1_1' title='bbox 318 93 394 154; x_wconf 78' lang='lat'><strong>68</strong></span> <span class='ocrx_word' id='word_1_2' title='bbox 602 95 1298 158; x_wconf 77' lang='lat' dir='ltr'><strong>T1T1L1vrt</strong></span> 
     </span>
    </p>
   </div>
   <div class='ocr_carea' id='block_1_2' title="bbox 107 175 1660 2015">
    <p class='ocr_par' dir='ltr' id='par_1_2' title="bbox 107 175 1660 2015">
     <span class='ocr_line' id='line_1_2' title="bbox 107 175 1602 248; baseline 0.005 -25"><span class='ocrx_word' id='word_1_3' title='bbox 107 190 284 241; x_wconf 54' lang='lat' dir='ltr'><strong>uffifig</strong></span> <span class='ocrx_word' id='word_1_4' title='bbox 317 175 507 227; x_wconf 60' lang='lat' dir='ltr'><strong>auetore</strong></span> <span class='ocrx_word' id='word_1_5' title='bbox 540 178 681 227; x_wconf 86' lang='lat' dir='ltr'><strong>editae</strong></span> <span class='ocrx_word' id='word_1_6' title='bbox 726 178 998 229; x_wconf 81' lang='lat' dir='ltr'><strong>credidisset</strong></span> <span class='ocrx_word' id='word_1_7' title='bbox 1019 220 1033 241; x_wconf 78' lang='lat'>‚</span> <span class='ocrx_word' id='word_1_8' title='bbox 1063 181 1190 230; x_wconf 87' lang='lat' dir='ltr'><strong>aliud</strong></span> <span class='ocrx_word' id='word_1_9' title='bbox 1224 189 1602 248; x_wconf 71' lang='lat' dir='ltr'><strong>argumentum3</strong></span> 
     </span>
     <span class='ocr_line' id='line_1_3' title="bbox 107 244 1602 316; baseline 0.008 -29"><span class='ocrx_word' id='word_1_10' title='bbox 107 244 467 299; x_wconf 71' lang='lat' dir='ltr'><strong>a.C.184.s1mile</strong></span> <span class='ocrx_word' id='word_1_11' title='bbox 502 261 665 295; x_wconf 81' lang='lat' dir='ltr'><strong>tamen</strong></span> <span class='ocrx_word' id='word_1_12' title='bbox 699 249 749 296; x_wconf 73' lang='grc' dir='ltr'><strong>ὅ(</strong></span> <span class='ocrx_word' id='word_1_13' title='bbox 784 249 982 297; x_wconf 80' lang='lat' dir='ltr'>libidine</span> <span class='ocrx_word' id='word_1_14' title='bbox 1005 286 1019 309; x_wconf 89' lang='lat'>,</span> <span class='ocrx_word' id='word_1_15' title='bbox 1053 250 1103 297; x_wconf 87' lang='lat'><strong>&amp;</strong></span> <span class='ocrx_word' id='word_1_16' title='bbox 1140 250 1421 299; x_wconf 74' lang='lat' dir='ltr'><strong>crudelitate</strong></span> <span class='ocrx_word' id='word_1_17' title='bbox 1444 288 1458 309; x_wconf 85' lang='lat'><em>‚</em></span> <span class='ocrx_word' id='word_1_18' title='bbox 1488 267 1602 316; x_wconf 85' lang='lat' dir='ltr'><strong>per-</strong></span> 
     </span>
     <span class='ocr_line' id='line_1_4' title="bbox 315 314 1602 382; baseline 0.004 -20"><span class='ocrx_word' id='word_1_19' title='bbox 315 315 430 380; x_wconf 82' lang='lat' dir='ltr'>agit.</span> <span class='ocrx_word' id='word_1_20' title='bbox 458 314 709 364; x_wconf 55' lang='lat' dir='ltr'>Placentiae</span> <span class='ocrx_word' id='word_1_21' title='bbox 730 315 959 364; x_wconf 78' lang='lat' dir='ltr'>famosam</span> <span class='ocrx_word' id='word_1_22' title='bbox 979 316 1223 366; x_wconf 85' lang='lat' dir='ltr'><strong>mulierem</strong></span> <span class='ocrx_word' id='word_1_23' title='bbox 1244 356 1260 376; x_wconf 92' lang='lat'>‚</span> <span class='ocrx_word' id='word_1_24' title='bbox 1281 315 1414 382; x_wconf 74' lang='lat' dir='ltr'><strong>cujus</strong></span> <span class='ocrx_word' id='word_1_25' title='bbox 1434 334 1602 368; x_wconf 76' lang='lat' dir='ltr'><strong>amore</strong></span> 
     </span>
     <span class='ocr_line' id='line_1_5' title="bbox 314 382 1657 448; baseline 0.003 -18"><span class='ocrx_word' id='word_1_26' title='bbox 314 382 596 448; x_wconf 64' lang='lat' dir='ltr'><strong>depeziret,</strong></span> <span class='ocrx_word' id='word_1_27' title='bbox 651 385 699 430; x_wconf 88' lang='lat' dir='ltr'>in</span> <span class='ocrx_word' id='word_1_28' title='bbox 746 386 1029 431; x_wconf 89' lang='lat' dir='ltr'>convivium</span> <span class='ocrx_word' id='word_1_29' title='bbox 1076 384 1339 433; x_wconf 80' lang='lat' dir='ltr'><strong>atceffitam</strong></span> <span class='ocrx_word' id='word_1_30' title='bbox 1395 386 1550 433; x_wconf 80' lang='lat' dir='ltr'>scribit</span> <span class='ocrx_word' id='word_1_31' title='bbox 1588 402 1604 445; x_wconf 89' lang='lat'>;</span> <span class='ocrx_word' id='word_1_32' title='bbox 1653 420 1657 423; x_wconf 87' lang='lat'><em>-</em></span> 
     </span>
     <span class='ocr_line' id='line_1_6' title="bbox 311 448 1604 513; baseline 0.004 -17"><span class='ocrx_word' id='word_1_33' title='bbox 311 449 378 497; x_wconf 81' lang='lat' dir='ltr'>ibi</span> <span class='ocrx_word' id='word_1_34' title='bbox 408 448 661 512; x_wconf 64' lang='lat' dir='ltr'><strong>jactantem</strong></span> <span class='ocrx_word' id='word_1_35' title='bbox 692 449 783 498; x_wconf 91' lang='lat' dir='ltr'><strong>sese</strong></span> <span class='ocrx_word' id='word_1_36' title='bbox 821 450 980 498; x_wconf 88' lang='lat' dir='ltr'><strong>scorto</strong></span> <span class='ocrx_word' id='word_1_37' title='bbox 1016 454 1138 500; x_wconf 85' lang='lat' dir='ltr'>inter</span> <span class='ocrx_word' id='word_1_38' title='bbox 1175 469 1334 502; x_wconf 80' lang='lat' dir='ltr'><strong>cetera</strong></span> <span class='ocrx_word' id='word_1_39' title='bbox 1368 452 1604 513; x_wconf 82' lang='lat' dir='ltr'><strong>retulisse,</strong></span> 
     </span>
     <span class='ocr_line' id='line_1_7' title="bbox 312 516 1600 586; baseline 0.004 -22"><span class='ocrx_word' id='word_1_40' title='bbox 312 516 458 583; x_wconf 48' lang='lat' dir='ltr'><strong>quem</strong></span> <span class='ocrx_word' id='word_1_41' title='bbox 491 519 660 565; x_wconf 83' lang='lat' dir='ltr'>acriter</span> <span class='ocrx_word' id='word_1_42' title='bbox 702 516 987 582; x_wconf 69' lang='lat' dir='ltr'><strong>quaestiones</strong></span> <span class='ocrx_word' id='word_1_43' title='bbox 1018 519 1294 568; x_wconf 85' lang='lat' dir='ltr'><strong>exercuisset</strong></span> <span class='ocrx_word' id='word_1_44' title='bbox 1318 559 1333 581; x_wconf 89' lang='lat'>‚</span> <span class='ocrx_word' id='word_1_45' title='bbox 1377 521 1427 568; x_wconf 73' lang='grc' dir='ltr'><strong>ὃ(</strong></span> <span class='ocrx_word' id='word_1_46' title='bbox 1457 521 1600 586; x_wconf 50' lang='lat' dir='ltr'><strong>quem</strong></span> 
     </span>
     <span class='ocr_line' id='line_1_8' title="bbox 313 585 1603 650; baseline 0.004 -17"><span class='ocrx_word' id='word_1_47' title='bbox 313 585 496 633; x_wconf 83' lang='lat' dir='ltr'><strong>multos</strong></span> <span class='ocrx_word' id='word_1_48' title='bbox 525 586 694 650; x_wconf 81' lang='lat' dir='ltr'>capitis</span> <span class='ocrx_word' id='word_1_49' title='bbox 733 586 989 634; x_wconf 80' lang='lat' dir='ltr'><strong>damnatos</strong></span> <span class='ocrx_word' id='word_1_50' title='bbox 1020 588 1066 633; x_wconf 89' lang='lat' dir='ltr'>in</span> <span class='ocrx_word' id='word_1_51' title='bbox 1104 589 1308 635; x_wconf 82' lang='lat' dir='ltr'>vinculis</span> <span class='ocrx_word' id='word_1_52' title='bbox 1352 588 1552 638; x_wconf 81' lang='lat' dir='ltr'><strong>haberet</strong></span> <span class='ocrx_word' id='word_1_53' title='bbox 1585 625 1603 647; x_wconf 87' lang='lat'>,</span> 
     </span>
     <span class='ocr_line' id='line_1_9' title="bbox 313 651 1607 718; baseline 0.004 -19"><span class='ocrx_word' id='word_1_54' title='bbox 313 670 439 717; x_wconf 85' lang='lat' dir='ltr'><strong>quos</strong></span> <span class='ocrx_word' id='word_1_55' title='bbox 470 651 618 700; x_wconf 85' lang='lat' dir='ltr'><strong>securi</strong></span> <span class='ocrx_word' id='word_1_56' title='bbox 658 652 956 718; x_wconf 88' lang='lat' dir='ltr'><strong>percussurus</strong></span> <span class='ocrx_word' id='word_1_57' title='bbox 1005 653 1135 703; x_wconf 69' lang='lat' dir='ltr'><strong>esset.</strong></span> <span class='ocrx_word' id='word_1_58' title='bbox 1180 653 1311 703; x_wconf 90' lang='lat' dir='ltr'><strong>Tum</strong></span> <span class='ocrx_word' id='word_1_59' title='bbox 1353 657 1482 704; x_wconf 82' lang='lat' dir='ltr'><strong>illam</strong></span> <span class='ocrx_word' id='word_1_60' title='bbox 1527 659 1607 704; x_wconf 87' lang='lat' dir='ltr'>in-</span> 
     </span>
     <span class='ocr_line' id='line_1_10' title="bbox 314 719 1602 790; baseline 0.002 -21"><span class='ocrx_word' id='word_1_61' title='bbox 314 719 388 769; x_wconf 83' lang='lat' dir='ltr'><strong>fra</strong></span> <span class='ocrx_word' id='word_1_62' title='bbox 429 737 540 768; x_wconf 86' lang='lat' dir='ltr'><strong>eum</strong></span> <span class='ocrx_word' id='word_1_63' title='bbox 574 723 887 771; x_wconf 82' lang='lat' dir='ltr'>accubantem</span> <span class='ocrx_word' id='word_1_64' title='bbox 933 721 1122 788; x_wconf 64' lang='lat' dir='ltr'><strong>negasse</strong></span> <span class='ocrx_word' id='word_1_65' title='bbox 1166 740 1397 790; x_wconf 79' lang='lat' dir='ltr'><strong>umquam</strong></span> <span class='ocrx_word' id='word_1_66' title='bbox 1439 722 1602 773; x_wconf 83' lang='lat' dir='ltr'><strong>vidisse</strong></span> 
     </span>
     <span class='ocr_line' id='line_1_11' title="bbox 313 788 1608 857; baseline 0.004 -22"><span class='ocrx_word' id='word_1_67' title='bbox 313 805 349 849; x_wconf 83' lang='lat'>4</span> <span class='ocrx_word' id='word_1_68' title='bbox 379 806 674 854; x_wconf 80' lang='lat' dir='ltr'><strong>quemquam</strong></span> <span class='ocrx_word' id='word_1_69' title='bbox 713 791 859 838; x_wconf 79' lang='lat' dir='ltr'><strong>securi</strong></span> <span class='ocrx_word' id='word_1_70' title='bbox 893 788 1180 851; x_wconf 80' lang='lat' dir='ltr'><strong>ferientem,</strong></span> <span class='ocrx_word' id='word_1_71' title='bbox 1213 792 1260 838; x_wconf 86' lang='lat'>&amp;</span> <span class='ocrx_word' id='word_1_72' title='bbox 1307 792 1522 857; x_wconf 85' lang='lat' dir='ltr'><strong>pervelle</strong></span> <span class='ocrx_word' id='word_1_73' title='bbox 1559 792 1608 840; x_wconf 83' lang='lat' dir='ltr'><strong>id</strong></span> 
     </span>
     <span class='ocr_line' id='line_1_12' title="bbox 314 857 1609 924; baseline 0.001 -18"><span class='ocrx_word' id='word_1_74' title='bbox 314 857 501 906; x_wconf 85' lang='lat' dir='ltr'><strong>videre.</strong></span> <span class='ocrx_word' id='word_1_75' title='bbox 539 858 635 905; x_wconf 81' lang='lat' dir='ltr'>Hic</span> <span class='ocrx_word' id='word_1_76' title='bbox 671 859 1005 924; x_wconf 79' lang='lat' dir='ltr'><strong>indulgentem</strong></span> <span class='ocrx_word' id='word_1_77' title='bbox 1033 876 1332 920; x_wconf 83' lang='lat' dir='ltr'><strong>amatorem,</strong></span> <span class='ocrx_word' id='word_1_78' title='bbox 1365 877 1510 907; x_wconf 87' lang='lat' dir='ltr'><strong>unum</strong></span> <span class='ocrx_word' id='word_1_79' title='bbox 1549 876 1609 908; x_wconf 76' lang='lat' dir='ltr'><strong>ex</strong></span> 
     </span>
     <span class='ocr_line' id='line_1_13' title="bbox 315 924 1610 993; baseline 0.004 -21"><span class='ocrx_word' id='word_1_80' title='bbox 315 925 408 973; x_wconf 84' lang='lat' dir='ltr'>illis</span> <span class='ocrx_word' id='word_1_81' title='bbox 444 924 624 973; x_wconf 84' lang='lat' dir='ltr'>miseris</span> <span class='ocrx_word' id='word_1_82' title='bbox 662 927 834 973; x_wconf 82' lang='lat' dir='ltr'>attrahi</span> <span class='ocrx_word' id='word_1_83' title='bbox 879 924 1044 986; x_wconf 68' lang='lat' dir='ltr'><strong>jussum</strong></span> <span class='ocrx_word' id='word_1_84' title='bbox 1075 963 1089 986; x_wconf 75' lang='grc'><em>,</em></span> <span class='ocrx_word' id='word_1_85' title='bbox 1133 927 1279 975; x_wconf 89' lang='lat' dir='ltr'><strong>securi</strong></span> <span class='ocrx_word' id='word_1_86' title='bbox 1322 925 1610 993; x_wconf 82' lang='lat' dir='ltr'><strong>percuffiffe.</strong></span> 
     </span>
     <span class='ocr_line' id='line_1_14' title="bbox 315 991 1606 1061; baseline 0.002 -20"><span class='ocrx_word' id='word_1_87' title='bbox 315 991 554 1054; x_wconf 84' lang='lat' dir='ltr'>Facinus,</span> <span class='ocrx_word' id='word_1_88' title='bbox 589 991 686 1040; x_wconf 75' lang='lat' dir='ltr'><strong>sive</strong></span> <span class='ocrx_word' id='word_1_89' title='bbox 726 1010 786 1042; x_wconf 92' lang='lat' dir='ltr'><strong>eo</strong></span> <span class='ocrx_word' id='word_1_90' title='bbox 828 993 979 1042; x_wconf 88' lang='lat' dir='ltr'><strong>modo</strong></span> <span class='ocrx_word' id='word_1_91' title='bbox 1026 1012 1125 1061; x_wconf 82' lang='lat' dir='ltr'><strong>quo</strong></span> <span class='ocrx_word' id='word_1_92' title='bbox 1174 994 1344 1043; x_wconf 80' lang='lat' dir='ltr'><strong>censor</strong></span> <span class='ocrx_word' id='word_1_93' title='bbox 1389 993 1606 1058; x_wconf 77' lang='lat' dir='ltr'>objecit,</span> 
     </span>
     <span class='ocr_line' id='line_1_15' title="bbox 317 1059 1660 1122; baseline 0.001 -13"><span class='ocrx_word' id='word_1_94' title='bbox 317 1059 447 1120; x_wconf 83' lang='lat' dir='ltr'><strong>five,</strong></span> <span class='ocrx_word' id='word_1_95' title='bbox 484 1074 536 1109; x_wconf 90' lang='lat' dir='ltr'><strong>ut</strong></span> <span class='ocrx_word' id='word_1_96' title='bbox 573 1059 796 1109; x_wconf 84' lang='lat' dir='ltr'><strong>Valerius</strong></span> <span class='ocrx_word' id='word_1_97' title='bbox 830 1062 1005 1122; x_wconf 73' lang='lat' dir='ltr'><strong>tradit,</strong></span> <span class='ocrx_word' id='word_1_98' title='bbox 1049 1061 1351 1111; x_wconf 83' lang='lat' dir='ltr'><strong>commissum</strong></span> <span class='ocrx_word' id='word_1_99' title='bbox 1381 1062 1446 1112; x_wconf 89' lang='lat' dir='ltr'><strong>est</strong></span> <span class='ocrx_word' id='word_1_100' title='bbox 1473 1101 1486 1122; x_wconf 82' lang='lat'>,</span> <span class='ocrx_word' id='word_1_101' title='bbox 1529 1063 1611 1111; x_wconf 86' lang='lat' dir='ltr'><strong>sae-</strong></span> <span class='ocrx_word' id='word_1_102' title='bbox 1645 1062 1660 1065; x_wconf 75' lang='grc'><em>“</em></span> 
     </span>
     <span class='ocr_line' id='line_1_16' title="bbox 318 1131 1609 1197; baseline 0.002 -19"><span class='ocrx_word' id='word_1_103' title='bbox 318 1146 438 1178; x_wconf 89' lang='lat' dir='ltr'><strong>vum</strong></span> <span class='ocrx_word' id='word_1_104' title='bbox 474 1145 619 1194; x_wconf 89' lang='lat' dir='ltr'><strong>atque</strong></span> <span class='ocrx_word' id='word_1_105' title='bbox 647 1145 826 1178; x_wconf 83' lang='lat' dir='ltr'><strong>atrox:</strong></span> <span class='ocrx_word' id='word_1_106' title='bbox 863 1131 986 1179; x_wconf 88' lang='lat' dir='ltr'><strong>inter</strong></span> <span class='ocrx_word' id='word_1_107' title='bbox 1022 1132 1198 1194; x_wconf 84' lang='lat' dir='ltr'><strong>pocula</strong></span> <span class='ocrx_word' id='word_1_108' title='bbox 1229 1145 1374 1197; x_wconf 76' lang='lat' dir='ltr'><strong>atque</strong></span> <span class='ocrx_word' id='word_1_109' title='bbox 1410 1131 1609 1197; x_wconf 79' lang='lat' dir='ltr'><strong>epulas,</strong></span> 
     </span>
     <span class='ocr_line' id='line_1_17' title="bbox 323 1196 1611 1264; baseline 0.002 -18"><span class='ocrx_word' id='word_1_110' title='bbox 323 1196 406 1246; x_wconf 86' lang='lat' dir='ltr'><strong>ubi</strong></span> <span class='ocrx_word' id='word_1_111' title='bbox 440 1197 588 1246; x_wconf 80' lang='lat' dir='ltr'><strong>libare</strong></span> <span class='ocrx_word' id='word_1_112' title='bbox 626 1198 716 1245; x_wconf 88' lang='lat' dir='ltr'>diis</span> <span class='ocrx_word' id='word_1_113' title='bbox 751 1199 899 1263; x_wconf 80' lang='lat' dir='ltr'><strong>dapes</strong></span> <span class='ocrx_word' id='word_1_114' title='bbox 924 1235 938 1258; x_wconf 89' lang='lat'>‚</span> <span class='ocrx_word' id='word_1_115' title='bbox 983 1198 1064 1246; x_wconf 83' lang='lat' dir='ltr'><strong>ubi</strong></span> <span class='ocrx_word' id='word_1_116' title='bbox 1102 1199 1228 1248; x_wconf 89' lang='lat' dir='ltr'><strong>bene</strong></span> <span class='ocrx_word' id='word_1_117' title='bbox 1272 1201 1457 1264; x_wconf 78' lang='lat' dir='ltr'><strong>precari</strong></span> <span class='ocrx_word' id='word_1_118' title='bbox 1503 1212 1611 1248; x_wconf 75' lang='lat' dir='ltr'><strong>mos</strong></span> 
     </span>
     <span class='ocr_line' id='line_1_18' title="bbox 327 1262 1613 1332; baseline 0.002 -18"><span class='ocrx_word' id='word_1_119' title='bbox 327 1262 478 1325; x_wconf 87' lang='lat' dir='ltr'><strong>esset,</strong></span> <span class='ocrx_word' id='word_1_120' title='bbox 513 1266 572 1313; x_wconf 84' lang='lat' dir='ltr'><strong>ad</strong></span> <span class='ocrx_word' id='word_1_121' title='bbox 605 1264 924 1330; x_wconf 66' lang='lat' dir='ltr'><strong>speciaculum</strong></span> <span class='ocrx_word' id='word_1_122' title='bbox 960 1264 1099 1315; x_wconf 88' lang='lat' dir='ltr'>scorti</span> <span class='ocrx_word' id='word_1_123' title='bbox 1140 1269 1355 1332; x_wconf 76' lang='lat' dir='ltr'><strong>procacis</strong></span> <span class='ocrx_word' id='word_1_124' title='bbox 1377 1305 1390 1326; x_wconf 84' lang='lat'>‚</span> <span class='ocrx_word' id='word_1_125' title='bbox 1431 1270 1478 1316; x_wconf 88' lang='lat' dir='ltr'>in</span> <span class='ocrx_word' id='word_1_126' title='bbox 1512 1267 1613 1316; x_wconf 84' lang='lat' dir='ltr'><strong>sinu</strong></span> 
     </span>
     <span class='ocr_line' id='line_1_19' title="bbox 327 1333 1616 1393; baseline 0.002 -12"><span class='ocrx_word' id='word_1_127' title='bbox 327 1333 536 1382; x_wconf 83' lang='lat' dir='ltr'><strong>consulis</strong></span> <span class='ocrx_word' id='word_1_128' title='bbox 561 1335 833 1382; x_wconf 83' lang='lat' dir='ltr'>recubantis</span> <span class='ocrx_word' id='word_1_129' title='bbox 854 1371 868 1393; x_wconf 87' lang='lat'>‚</span> <span class='ocrx_word' id='word_1_130' title='bbox 905 1333 1157 1385; x_wconf 58' lang='lat' dir='ltr'><strong>mactatam</strong></span> <span class='ocrx_word' id='word_1_131' title='bbox 1182 1336 1441 1383; x_wconf 80' lang='lat' dir='ltr'><strong>humanam</strong></span> <span class='ocrx_word' id='word_1_132' title='bbox 1476 1336 1616 1386; x_wconf 68' lang='lat' dir='ltr'>vicli·</span> 
     </span>
     <span class='ocr_line' id='line_1_20' title="bbox 327 1399 1614 1469; baseline 0 -18"><span class='ocrx_word' id='word_1_133' title='bbox 327 1419 461 1451; x_wconf 80' lang='lat' dir='ltr'><strong>mam</strong></span> <span class='ocrx_word' id='word_1_134' title='bbox 505 1399 598 1451; x_wconf 83' lang='lat' dir='ltr'><strong>effe</strong></span> <span class='ocrx_word' id='word_1_135' title='bbox 627 1439 641 1460; x_wconf 87' lang='lat'><strong>‚</strong></span> <span class='ocrx_word' id='word_1_136' title='bbox 689 1402 740 1450; x_wconf 68' lang='grc' dir='ltr'>ἃ</span> <span class='ocrx_word' id='word_1_137' title='bbox 793 1419 963 1451; x_wconf 86' lang='lat' dir='ltr'><strong>cruore</strong></span> <span class='ocrx_word' id='word_1_138' title='bbox 1004 1402 1217 1452; x_wconf 78' lang='lat' dir='ltr'><strong>mensam</strong></span> <span class='ocrx_word' id='word_1_139' title='bbox 1253 1403 1529 1469; x_wconf 81' lang='lat' dir='ltr'><strong>respersam.</strong></span> <span class='ocrx_word' id='word_1_140' title='bbox 1557 1402 1614 1452; x_wconf 83' lang='lat' dir='ltr'><strong>In</strong></span> 
     </span>
     <span class='ocr_line' id='line_1_21' title="bbox 329 1469 1616 1537; baseline 0.002 -19"><span class='ocrx_word' id='word_1_141' title='bbox 329 1484 548 1518; x_wconf 86' lang='lat' dir='ltr'><strong>extrema</strong></span> <span class='ocrx_word' id='word_1_142' title='bbox 597 1472 818 1519; x_wconf 85' lang='lat' dir='ltr'><strong>oratione</strong></span> <span class='ocrx_word' id='word_1_143' title='bbox 860 1469 1068 1519; x_wconf 83' lang='lat' dir='ltr'>Catonis</span> <span class='ocrx_word' id='word_1_144' title='bbox 1128 1471 1350 1521; x_wconf 84' lang='lat' dir='ltr'>conditio</span> <span class='ocrx_word' id='word_1_145' title='bbox 1403 1471 1616 1537; x_wconf 85' lang='lat' dir='ltr'>Quintio</span> 
     </span>
     <span class='ocr_line' id='line_1_22' title="bbox 327 1536 1614 1605; baseline 0.003 -19"><span class='ocrx_word' id='word_1_146' title='bbox 327 1536 513 1596; x_wconf 82' lang='lat' dir='ltr'><strong>fertur,</strong></span> <span class='ocrx_word' id='word_1_147' title='bbox 556 1553 642 1594; x_wconf 69' lang='lat' dir='ltr'><strong>ut„</strong></span> <span class='ocrx_word' id='word_1_148' title='bbox 677 1537 711 1585; x_wconf 82' lang='lat' dir='ltr'>fi</span> <span class='ocrx_word' id='word_1_149' title='bbox 759 1538 808 1585; x_wconf 91' lang='lat' dir='ltr'><strong>id</strong></span> <span class='ocrx_word' id='word_1_150' title='bbox 860 1537 1038 1585; x_wconf 63' lang='lat' dir='ltr'><strong>facium</strong></span> <span class='ocrx_word' id='word_1_151' title='bbox 1078 1555 1312 1605; x_wconf 82' lang='lat' dir='ltr'><strong>negaret,</strong></span> <span class='ocrx_word' id='word_1_152' title='bbox 1355 1556 1614 1605; x_wconf 79' lang='lat' dir='ltr'><strong>ceteraque</strong></span> 
     </span>
     <span class='ocr_line' id='line_1_23' title="bbox 328 1603 1615 1671; baseline 0.004 -19"><span class='ocrx_word' id='word_1_153' title='bbox 328 1623 437 1670; x_wconf 86' lang='lat' dir='ltr'><strong>quae</strong></span> <span class='ocrx_word' id='word_1_154' title='bbox 465 1603 716 1668; x_wconf 72' lang='lat' dir='ltr'><strong>objecisset</strong></span> <span class='ocrx_word' id='word_1_155' title='bbox 733 1642 747 1664; x_wconf 90' lang='lat'><strong>‚</strong></span> <span class='ocrx_word' id='word_1_156' title='bbox 768 1621 789 1671; x_wconf 90' lang='lat'><em>5</em></span> <span class='ocrx_word' id='word_1_157' title='bbox 812 1604 1068 1670; x_wconf 80' lang='lat' dir='ltr'><strong>sponsione</strong></span> <span class='ocrx_word' id='word_1_158' title='bbox 1093 1607 1378 1655; x_wconf 85' lang='lat' dir='ltr'><strong>defenderet</strong></span> <span class='ocrx_word' id='word_1_159' title='bbox 1403 1607 1525 1657; x_wconf 86' lang='lat' dir='ltr'><strong>sese:</strong></span> <span class='ocrx_word' id='word_1_160' title='bbox 1547 1607 1615 1657; x_wconf 86' lang='lat' dir='ltr'><strong>sm</strong></span> 
     </span>
     <span class='ocr_line' id='line_1_24' title="bbox 327 1673 1617 1742; baseline 0.002 -20"><span class='ocrx_word' id='word_1_161' title='bbox 327 1673 562 1722; x_wconf 81' lang='lat' dir='ltr'><strong>fateretur</strong></span> <span class='ocrx_word' id='word_1_162' title='bbox 587 1710 601 1731; x_wconf 87' lang='lat'>,</span> <span class='ocrx_word' id='word_1_163' title='bbox 643 1674 971 1740; x_wconf 59' lang='lat' dir='ltr'>ignominizine</span> <span class='ocrx_word' id='word_1_164' title='bbox 1008 1673 1086 1721; x_wconf 56' lang='lat' dir='ltr'><strong>su&amp;</strong></span> <span class='ocrx_word' id='word_1_165' title='bbox 1134 1692 1432 1742; x_wconf 78' lang='lat' dir='ltr'><strong>quemquam</strong></span> <span class='ocrx_word' id='word_1_166' title='bbox 1485 1676 1617 1724; x_wconf 87' lang='lat' dir='ltr'><strong>doli-</strong></span> 
     </span>
     <span class='ocr_line' id='line_1_25' title="bbox 327 1739 1617 1806; baseline 0.004 -16"><span class='ocrx_word' id='word_1_167' title='bbox 327 1754 490 1791; x_wconf 83' lang='lat' dir='ltr'><strong>turum</strong></span> <span class='ocrx_word' id='word_1_168' title='bbox 525 1739 742 1790; x_wconf 89' lang='lat' dir='ltr'><strong>censeret</strong></span> <span class='ocrx_word' id='word_1_169' title='bbox 774 1778 789 1801; x_wconf 85' lang='lat'><strong>,</strong></span> <span class='ocrx_word' id='word_1_170' title='bbox 831 1758 980 1806; x_wconf 90' lang='lat' dir='ltr'><strong>quum</strong></span> <span class='ocrx_word' id='word_1_171' title='bbox 1020 1740 1120 1806; x_wconf 84' lang='lat' dir='ltr'><strong>ipse</strong></span> <span class='ocrx_word' id='word_1_172' title='bbox 1161 1744 1279 1792; x_wconf 90' lang='lat' dir='ltr'>vino</span> <span class='ocrx_word' id='word_1_173' title='bbox 1335 1743 1386 1792; x_wconf 86' lang='lat'>&amp;</span> <span class='ocrx_word' id='word_1_174' title='bbox 1433 1760 1617 1795; x_wconf 76' lang='lat' dir='ltr'><strong>venere</strong></span> 
     </span>
     <span class='ocr_line' id='line_1_26' title="bbox 328 1807 1568 1876; baseline 0.003 -19"><span class='ocrx_word' id='word_1_175' title='bbox 328 1826 525 1867; x_wconf 72' lang='lat' dir='ltr'><strong>amem,</strong></span> <span class='ocrx_word' id='word_1_176' title='bbox 548 1807 770 1876; x_wconf 80' lang='lat' dir='ltr'><strong>sanguine</strong></span> <span class='ocrx_word' id='word_1_177' title='bbox 797 1807 1006 1857; x_wconf 86' lang='lat' dir='ltr'>hominis</span> <span class='ocrx_word' id='word_1_178' title='bbox 1027 1812 1073 1857; x_wconf 90' lang='lat' dir='ltr'>in</span> <span class='ocrx_word' id='word_1_179' title='bbox 1098 1812 1331 1859; x_wconf 86' lang='lat' dir='ltr'>convivio</span> <span class='ocrx_word' id='word_1_180' title='bbox 1353 1810 1526 1862; x_wconf 73' lang='lat' dir='ltr'><strong>lusisset</strong></span> <span class='ocrx_word' id='word_1_181' title='bbox 1548 1811 1568 1861; x_wconf 76' lang='grc' dir='ltr'><strong><em>ἓ</em></strong></span> 
     </span>
     <span class='ocr_line' id='line_1_27' title="bbox 395 1875 1617 1944; baseline 0.002 -19"><span class='ocrx_word' id='word_1_182' title='bbox 395 1875 584 1925; x_wconf 87' lang='lat' dir='ltr'><strong>XLIV.</strong></span> <span class='ocrx_word' id='word_1_183' title='bbox 604 1875 656 1924; x_wconf 88' lang='lat' dir='ltr'><strong>In</strong></span> <span class='ocrx_word' id='word_1_184' title='bbox 675 1876 892 1942; x_wconf 81' lang='lat' dir='ltr'><strong>equitatu</strong></span> <span class='ocrx_word' id='word_1_185' title='bbox 916 1877 1316 1944; x_wconf 82' lang='lat' dir='ltr'><strong>recognoscendo</strong></span> <span class='ocrx_word' id='word_1_186' title='bbox 1339 1917 1354 1940; x_wconf 84' lang='lat'>‚</span> <span class='ocrx_word' id='word_1_187' title='bbox 1380 1880 1411 1928; x_wconf 84' lang='lat'><em>6</em></span> <span class='ocrx_word' id='word_1_188' title='bbox 1435 1881 1490 1929; x_wconf 88' lang='lat' dir='ltr'><strong>L.</strong></span> <span class='ocrx_word' id='word_1_189' title='bbox 1513 1880 1617 1930; x_wconf 82' lang='lat' dir='ltr'>Sci-</span> 
     </span>
     <span class='ocr_line' id='line_1_28' title="bbox 326 1943 1660 2015; baseline 0.004 -23"><span class='ocrx_word' id='word_1_190' title='bbox 326 1945 465 2012; x_wconf 86' lang='lat' dir='ltr'>pioni</span> <span class='ocrx_word' id='word_1_191' title='bbox 492 1943 721 2011; x_wconf 81' lang='lat' dir='ltr'>Asiageni</span> <span class='ocrx_word' id='word_1_192' title='bbox 753 1943 1009 2012; x_wconf 80' lang='lat' dir='ltr'><strong>ademptus</strong></span> <span class='ocrx_word' id='word_1_193' title='bbox 1042 1963 1213 2012; x_wconf 87' lang='lat' dir='ltr'><strong>equus.</strong></span> <span class='ocrx_word' id='word_1_194' title='bbox 1240 1963 1270 2009; x_wconf 94' lang='lat'>7</span> <span class='ocrx_word' id='word_1_195' title='bbox 1303 1945 1358 1995; x_wconf 90' lang='lat' dir='ltr'><strong>In</strong></span> <span class='ocrx_word' id='word_1_196' title='bbox 1397 1947 1615 1998; x_wconf 82' lang='lat' dir='ltr'><strong>censibus</strong></span> <span class='ocrx_word' id='word_1_197' title='bbox 1654 2008 1660 2015; x_wconf 28' lang='lat'><strong>⁴</strong></span> 
     </span>
    </p>
   </div>
   <div class='ocr_carea' id='block_1_3' title="bbox 321 2033 942 2713">
    <p class='ocr_par' dir='ltr' id='par_1_3' title="bbox 324 2033 933 2143">
     <span class='ocr_line' id='line_1_29' title="bbox 324 2033 933 2087; baseline 0.002 -14"><span class='ocrx_word' id='word_1_198' title='bbox 324 2047 417 2074; x_wconf 85' lang='lat' dir='ltr'><strong>nem</strong></span> <span class='ocrx_word' id='word_1_199' title='bbox 444 2033 634 2087; x_wconf 82' lang='lat' dir='ltr'><strong>sequutus</strong></span> <span class='ocrx_word' id='word_1_200' title='bbox 669 2033 820 2073; x_wconf 84' lang='lat' dir='ltr'>Cicero</span> <span class='ocrx_word' id='word_1_201' title='bbox 850 2034 933 2080; x_wconf 88' lang='lat' dir='ltr'><strong>est,</strong></span> 
     </span>
     <span class='ocr_line' id='line_1_30' title="bbox 324 2095 829 2143; baseline -0.006 -6"><span class='ocrx_word' id='word_1_202' title='bbox 324 2095 439 2137; x_wconf 87' lang='lat' dir='ltr'>Dial.</span> <span class='ocrx_word' id='word_1_203' title='bbox 475 2096 525 2134; x_wconf 85' lang='lat' dir='ltr'><strong>de</strong></span> <span class='ocrx_word' id='word_1_204' title='bbox 553 2096 646 2136; x_wconf 88' lang='lat' dir='ltr'><strong>Sen.</strong></span> <span class='ocrx_word' id='word_1_205' title='bbox 678 2110 718 2134; x_wconf 88' lang='lat' dir='ltr'><strong>n.</strong></span> <span class='ocrx_word' id='word_1_206' title='bbox 755 2108 829 2143; x_wconf 80' lang='lat'><strong>42.</strong></span> 
     </span>
    </p>

    <p class='ocr_par' dir='ltr' id='par_1_4' title="bbox 324 2153 938 2271">
     <span class='ocr_line' id='line_1_31' title="bbox 385 2153 938 2215; baseline -0.002 -19"><span class='ocrx_word' id='word_1_207' title='bbox 385 2169 415 2206; x_wconf 85' lang='lat'>4</span> <span class='ocrx_word' id='word_1_208' title='bbox 454 2155 694 2215; x_wconf 73' lang='lat' dir='ltr'><strong>Quemquam</strong></span> <span class='ocrx_word' id='word_1_209' title='bbox 719 2153 850 2208; x_wconf 80' lang='lat' dir='ltr'><strong>securi</strong></span> <span class='ocrx_word' id='word_1_210' title='bbox 869 2154 938 2212; x_wconf 79' lang='lat' dir='ltr'><strong>fe-</strong></span> 
     </span>
     <span class='ocr_line' id='line_1_32' title="bbox 324 2216 831 2271; baseline 0.002 -13"><span class='ocrx_word' id='word_1_211' title='bbox 324 2216 520 2267; x_wconf 78' lang='lat' dir='ltr'><strong>rientem]</strong></span> <span class='ocrx_word' id='word_1_212' title='bbox 553 2219 678 2259; x_wconf 77' lang='lat' dir='ltr'><strong>Forte</strong></span> <span class='ocrx_word' id='word_1_213' title='bbox 695 2217 831 2271; x_wconf 83' lang='lat' dir='ltr'><strong>feriri.</strong></span> 
     </span>
    </p>

    <p class='ocr_par' dir='ltr' id='par_1_5' title="bbox 321 2285 942 2713">
     <span class='ocr_line' id='line_1_33' title="bbox 357 2285 940 2342; baseline 0 -15"><span class='ocrx_word' id='word_1_214' title='bbox 357 2304 363 2308; x_wconf 87' lang='lat'>·</span> <span class='ocrx_word' id='word_1_215' title='bbox 395 2299 415 2338; x_wconf 83' lang='lat'><em>5</em></span> <span class='ocrx_word' id='word_1_216' title='bbox 454 2286 674 2342; x_wconf 77' lang='lat' dir='ltr'><strong>Sponfione</strong></span> <span class='ocrx_word' id='word_1_217' title='bbox 715 2285 940 2341; x_wconf 73' lang='lat' dir='ltr'><strong>defenderet</strong></span> 
     </span>
     <span class='ocr_line' id='line_1_34' title="bbox 321 2345 938 2404; baseline 0.002 -15"><span class='ocrx_word' id='word_1_218' title='bbox 321 2345 455 2404; x_wconf 82' lang='lat' dir='ltr'><strong>sese]</strong></span> <span class='ocrx_word' id='word_1_219' title='bbox 510 2349 767 2390; x_wconf 74' lang='lat' dir='ltr'><strong>Defenderet</strong></span> <span class='ocrx_word' id='word_1_220' title='bbox 812 2350 892 2390; x_wconf 88' lang='lat' dir='ltr'><strong>sese</strong></span> <span class='ocrx_word' id='word_1_221' title='bbox 928 2382 938 2401; x_wconf 88' lang='lat'>,</span> 
     </span>
     <span class='ocr_line' id='line_1_35' title="bbox 326 2410 942 2465; baseline 0.003 -15"><span class='ocrx_word' id='word_1_222' title='bbox 326 2410 565 2465; x_wconf 82' lang='lat' dir='ltr'><strong>spondendo</strong></span> <span class='ocrx_word' id='word_1_223' title='bbox 603 2410 642 2450; x_wconf 89' lang='lat' dir='ltr'><strong>se</strong></span> <span class='ocrx_word' id='word_1_224' title='bbox 676 2422 829 2451; x_wconf 78' lang='lat' dir='ltr'><strong>certam</strong></span> <span class='ocrx_word' id='word_1_225' title='bbox 869 2425 942 2463; x_wconf 87' lang='lat' dir='ltr'><strong>pe-</strong></span> 
     </span>
     <span class='ocr_line' id='line_1_36' title="bbox 328 2471 936 2521; baseline -0.002 -8"><span class='ocrx_word' id='word_1_226' title='bbox 328 2472 460 2513; x_wconf 83' lang='lat' dir='ltr'>cuniae</span> <span class='ocrx_word' id='word_1_227' title='bbox 491 2471 678 2512; x_wconf 86' lang='lat' dir='ltr'><strong>summam</strong></span> <span class='ocrx_word' id='word_1_228' title='bbox 721 2473 904 2514; x_wconf 76' lang='lat' dir='ltr'><strong>daturum</strong></span> <span class='ocrx_word' id='word_1_229' title='bbox 925 2501 936 2521; x_wconf 92' lang='lat'><strong>‚</strong></span> 
     </span>
     <span class='ocr_line' id='line_1_37' title="bbox 327 2532 942 2589; baseline 0.005 -16"><span class='ocrx_word' id='word_1_230' title='bbox 327 2532 356 2574; x_wconf 76' lang='lat' dir='ltr'>fi</span> <span class='ocrx_word' id='word_1_231' title='bbox 401 2533 552 2574; x_wconf 81' lang='lat' dir='ltr'><strong>veritas</strong></span> <span class='ocrx_word' id='word_1_232' title='bbox 593 2534 801 2574; x_wconf 84' lang='lat' dir='ltr'><strong>criminum</strong></span> <span class='ocrx_word' id='word_1_233' title='bbox 844 2550 942 2589; x_wconf 87' lang='lat' dir='ltr'><strong>pro-</strong></span> 
     </span>
     <span class='ocr_line' id='line_1_38' title="bbox 327 2596 941 2652; baseline 0.005 -17"><span class='ocrx_word' id='word_1_234' title='bbox 327 2596 493 2635; x_wconf 75' lang='lat' dir='ltr'><strong>baretur</strong></span> <span class='ocrx_word' id='word_1_235' title='bbox 513 2609 523 2636; x_wconf 78' lang='lat' dir='ltr'><strong>t</strong></span> <span class='ocrx_word' id='word_1_236' title='bbox 546 2607 664 2649; x_wconf 77' lang='lat' dir='ltr'><strong>atque</strong></span> <span class='ocrx_word' id='word_1_237' title='bbox 696 2598 748 2636; x_wconf 82' lang='lat' dir='ltr'>ita</span> <span class='ocrx_word' id='word_1_238' title='bbox 772 2611 855 2638; x_wconf 79' lang='lat' dir='ltr'><strong>rem</strong></span> <span class='ocrx_word' id='word_1_239' title='bbox 876 2596 941 2652; x_wconf 79' lang='lat' dir='ltr'><strong>ju-</strong></span> 
     </span>
     <span class='ocr_line' id='line_1_39' title="bbox 329 2655 743 2713; baseline 0.005 -15"><span class='ocrx_word' id='word_1_240' title='bbox 329 2655 440 2698; x_wconf 66' lang='lat' dir='ltr'>dicio</span> <span class='ocrx_word' id='word_1_241' title='bbox 471 2659 743 2713; x_wconf 81' lang='lat' dir='ltr'><strong>experiretur.</strong></span> 
     </span>
    </p>
   </div>
   <div class='ocr_carea' id='block_1_4' title="bbox 1001 2033 1621 2700">
    <p class='ocr_par' dir='ltr' id='par_1_6' title="bbox 1001 2033 1621 2390">
     <span class='ocr_line' id='line_1_40' title="bbox 1063 2033 1612 2091; baseline 0.005 -17"><span class='ocrx_word' id='word_1_242' title='bbox 1063 2033 1087 2074; x_wconf 84' lang='grc'>6</span> <span class='ocrx_word' id='word_1_243' title='bbox 1116 2034 1163 2076; x_wconf 85' lang='lat' dir='ltr'><strong>L.</strong></span> <span class='ocrx_word' id='word_1_244' title='bbox 1187 2034 1371 2089; x_wconf 78' lang='lat' dir='ltr'>Scipioni</span> <span class='ocrx_word' id='word_1_245' title='bbox 1391 2036 1612 2091; x_wconf 67' lang='lat' dir='ltr'><strong>Asiageni]</strong></span> 
     </span>
     <span class='ocr_line' id='line_1_41' title="bbox 1001 2095 1619 2150; baseline 0.006 -15"><span class='ocrx_word' id='word_1_246' title='bbox 1001 2095 1188 2150; x_wconf 82' lang='lat' dir='ltr'><strong>Intellige</strong></span> <span class='ocrx_word' id='word_1_247' title='bbox 1210 2095 1256 2135; x_wconf 89' lang='lat' dir='ltr'><strong>L.</strong></span> <span class='ocrx_word' id='word_1_248' title='bbox 1283 2096 1511 2148; x_wconf 72' lang='lat' dir='ltr'>Scipionem</span> <span class='ocrx_word' id='word_1_249' title='bbox 1534 2099 1619 2139; x_wconf 85' lang='lat' dir='ltr'><strong>fra-</strong></span> 
     </span>
     <span class='ocr_line' id='line_1_42' title="bbox 1001 2158 1621 2216; baseline 0.002 -11"><span class='ocrx_word' id='word_1_250' title='bbox 1001 2175 1106 2205; x_wconf 85' lang='lat' dir='ltr'><strong>trem</strong></span> <span class='ocrx_word' id='word_1_251' title='bbox 1144 2165 1339 2204; x_wconf 79' lang='lat' dir='ltr'>Africani.</span> <span class='ocrx_word' id='word_1_252' title='bbox 1381 2158 1621 2216; x_wconf 69' lang='grc' dir='ltr'><strong>Ασιοιγεηῖς</strong></span> 
     </span>
     <span class='ocr_line' id='line_1_43' title="bbox 1003 2225 1617 2281; baseline 0 -14"><span class='ocrx_word' id='word_1_253' title='bbox 1003 2227 1108 2281; x_wconf 77' lang='lat' dir='ltr'><strong>apud</strong></span> <span class='ocrx_word' id='word_1_254' title='bbox 1128 2225 1303 2267; x_wconf 83' lang='lat' dir='ltr'>Graecos</span> <span class='ocrx_word' id='word_1_255' title='bbox 1323 2226 1429 2264; x_wconf 83' lang='lat' dir='ltr'><strong>idem</strong></span> <span class='ocrx_word' id='word_1_256' title='bbox 1459 2229 1586 2267; x_wconf 79' lang='lat' dir='ltr'><strong>valuit</strong></span> <span class='ocrx_word' id='word_1_257' title='bbox 1604 2254 1617 2276; x_wconf 87' lang='lat'>,</span> 
     </span>
     <span class='ocr_line' id='line_1_44' title="bbox 1003 2287 1619 2343; baseline 0.003 -16"><span class='ocrx_word' id='word_1_258' title='bbox 1003 2288 1112 2343; x_wconf 87' lang='lat' dir='ltr'><strong>quod</strong></span> <span class='ocrx_word' id='word_1_259' title='bbox 1139 2289 1246 2342; x_wconf 82' lang='lat' dir='ltr'><strong>apud</strong></span> <span class='ocrx_word' id='word_1_260' title='bbox 1276 2287 1481 2330; x_wconf 73' lang='lat' dir='ltr'><strong>Romanos</strong></span> <span class='ocrx_word' id='word_1_261' title='bbox 1500 2289 1619 2343; x_wconf 80' lang='lat' dir='ltr'><em>Asta-</em></span> 
     </span>
     <span class='ocr_line' id='line_1_45' title="bbox 1005 2363 1122 2390; baseline -0.017 0"><span class='ocrx_word' id='word_1_262' title='bbox 1005 2363 1122 2390; x_wconf 69' lang='lat' dir='ltr'><strong>thssS·</strong></span> 
     </span>
    </p>

    <p class='ocr_par' dir='ltr' id='par_1_7' title="bbox 1003 2409 1619 2700">
     <span class='ocr_line' id='line_1_46' title="bbox 1068 2409 1617 2464; baseline 0.002 -14"><span class='ocrx_word' id='word_1_263' title='bbox 1068 2425 1093 2462; x_wconf 96' lang='lat'><strong>7</strong></span> <span class='ocrx_word' id='word_1_264' title='bbox 1112 2409 1159 2450; x_wconf 81' lang='lat' dir='ltr'><strong>In</strong></span> <span class='ocrx_word' id='word_1_265' title='bbox 1178 2409 1402 2463; x_wconf 78' lang='lat' dir='ltr'><strong>censibus...</strong></span> <span class='ocrx_word' id='word_1_266' title='bbox 1423 2409 1617 2464; x_wconf 82' lang='lat' dir='ltr'>accipien-</span> 
     </span>
     <span class='ocr_line' id='line_1_47' title="bbox 1003 2472 1618 2526; baseline 0.002 -14"><span class='ocrx_word' id='word_1_267' title='bbox 1003 2472 1096 2526; x_wconf 74' lang='lat' dir='ltr'><strong>dis]</strong></span> <span class='ocrx_word' id='word_1_268' title='bbox 1139 2474 1180 2511; x_wconf 87' lang='lat' dir='ltr'><strong>ln</strong></span> <span class='ocrx_word' id='word_1_269' title='bbox 1213 2472 1446 2526; x_wconf 81' lang='lat' dir='ltr'>accipienda</span> <span class='ocrx_word' id='word_1_270' title='bbox 1485 2474 1618 2513; x_wconf 84' lang='lat' dir='ltr'>bono-</span> 
     </span>
     <span class='ocr_line' id='line_1_48' title="bbox 1004 2533 1617 2587; baseline -0.003 -12"><span class='ocrx_word' id='word_1_271' title='bbox 1004 2549 1090 2575; x_wconf 85' lang='lat' dir='ltr'><strong>tum</strong></span> <span class='ocrx_word' id='word_1_272' title='bbox 1116 2533 1306 2587; x_wconf 82' lang='lat' dir='ltr'><strong>cujusque</strong></span> <span class='ocrx_word' id='word_1_273' title='bbox 1334 2533 1617 2584; x_wconf 69' lang='lat' dir='ltr'>aestimatione,</span> 
     </span>
     <span class='ocr_line' id='line_1_49' title="bbox 1005 2594 1619 2650; baseline 0.003 -16"><span class='ocrx_word' id='word_1_274' title='bbox 1005 2611 1119 2650; x_wconf 82' lang='lat' dir='ltr'><strong>quam</strong></span> <span class='ocrx_word' id='word_1_275' title='bbox 1144 2595 1252 2636; x_wconf 81' lang='lat' dir='ltr'>cives</span> <span class='ocrx_word' id='word_1_276' title='bbox 1285 2608 1424 2634; x_wconf 80' lang='lat' dir='ltr'><strong>omnes</strong></span> <span class='ocrx_word' id='word_1_277' title='bbox 1456 2594 1619 2642; x_wconf 72' lang='lat' dir='ltr'><strong>deferre</strong></span> 
     </span>
     <span class='ocr_line' id='line_1_50' title="bbox 1004 2657 1512 2700; baseline 0 -1"><span class='ocrx_word' id='word_1_278' title='bbox 1004 2660 1055 2699; x_wconf 83' lang='lat' dir='ltr'><strong>ad</strong></span> <span class='ocrx_word' id='word_1_279' title='bbox 1084 2657 1274 2700; x_wconf 76' lang='lat' dir='ltr'><strong>censores</strong></span> <span class='ocrx_word' id='word_1_280' title='bbox 1293 2657 1512 2699; x_wconf 61' lang='lat' dir='ltr'><strong>dehebant.</strong></span> 
     </span>
    </p>
   </div>
  </div>
 </body>
</html>
