1670 3068
132 198 316 248 U.c.381.

132 255 314 306 asti-71.

128 1007 179 1049 Ῑνι
193 1008 330 1049 Mace-

131 1072 290 1112 doniam

131 1135 249 1176 redit.

172 2037 262 2095 Cos.
285 2039 326 2079 in

129 2104 289 2145 hiberna

124 2164 168 2220 se
195 2180 283 2205 con—

121 2229 223 2284 fert.

341 117 455 174 322
622 99 891 156 'ri-ri
991 100 1328 157 lett

335 179 542 229 similem
571 180 950 247 trepidationem
984 179 1101 229 fecit
1133 198 1144 229 ε
1174 194 1224 229 ut
1243 218 1257 240 ‚
1287 179 1321 229 fi
1350 179 1508 231 hostes
1537 179 1620 234 ini

337 249 487 297 troire
518 248 752 316 angustias
778 248 900 308 ausi,
931 249 1123 315 longius
1158 248 1391 316 insequuti
1430 249 1621 311 essent,

338 333 512 384 magna
543 317 707 366 clades
741 319 894 382 accipi
931 316 1160 381 potuerit.
1179 315 1391 378 Consul,
1418 332 1617 385 recepto

334 401 398 434 ex
427 385 613 434 tumulo
646 383 863 449 praefidio
881 422 896 444 ‚
923 399 1181 434 contentus
1210 386 1410 434 modico
1436 385 1620 449 succes-

340 452 389 501 su
408 491 421 513 ‚
441 454 489 501 in
513 452 659 501 castra
686 455 852 518 copias
873 452 1077 502 reduxit.
1098 451 1216 501 Sunt
1237 456 1316 519 qui
1336 470 1397 503 eo
1419 454 1496 502 die
1517 471 1619 502 ma-

343 539 442 587 gno
469 522 634 586 praelio
657 535 925 587 pugnatum
946 520 1161 570 au&ores
1186 520 1274 569 sint
1291 538 1306 581 ;
1323 521 1434 570 οξίο
1474 522 1619 571 millia

342 587 550 637 hostium
589 587 705 636 caesa
730 606 740 636 :
765 590 814 636 in
845 589 913 637 his
943 587 1202 654 Sopatrum
1236 590 1287 638 &
1309 590 1620 656 Antipatrum

337 659 496 723 regios
533 656 875 707 duceszvivos
913 673 1081 722 captos
1117 658 1304 706 circiter
1345 658 1443 706 duo
1475 658 1622 709 millia

339 725 644 791 octingentos
664 743 673 772 :
690 722 819 792 figna
838 725 1056 773 militaria
1075 740 1213 790 capta
1224 727 1398 791 viginti
1417 725 1623 791 septem.

339 791 446 842 Nec
469 796 768 842 incruentam
797 793 1049 843 victoriam
1081 792 1245 842 fuisse:
1265 794 1401 859 supra
1418 809 1623 861 quatuor
1648 852 1650 856 7

341 861 491 910 millia
519 862 571 910 &
601 876 843 911 trecentos
878 862 938 911 de
981 864 1196 910 exercitu
1241 861 1447 911 consulis
1489 864 1622 913 ceci-

344 928 492 978 disse:
525 928 654 995 signa
690 929 719 978 8
753 928 941 978 finistrae
973 930 1057 978 alae
1092 932 1304 996 quinque
1334 928 1512 979 amissa.

414 996 622 1047 LXVII.
645 997 740 1045 Hic
763 998 863 1047 dies
888 999 938 1046 &
958 996 1194 1047 Romanis
1213 997 1382 1048 refecit
1404 1000 1628 1061 animos,‘

344 1065 396 1114 ὅ(
418 1065 585 1115 Persea
611 1067 812 1132 perculit
837 1084 847 1114 :
871 1082 922 1116 ut
946 1066 1047 1115 dies
1073 1084 1253 1132 paucos
1282 1066 1343 1114 ad
1373 1065 1623 1133 Mopfium

344 1149 592 1195 moratus,
632 1134 885 1200 sepulturae
926 1136 1134 1183 maxime
1168 1135 1373 1182 militum
1424 1133 1623 1183 amisso-

342 1220 448 1251 rum
482 1204 594 1260 cura
623 1241 640 1263 ‚
682 1202 899 1267 praefidio
935 1202 1040 1250 satis
1079 1203 1244 1251 valido
1279 1204 1340 1251 ad
1382 1199 1622 1252 Gonnum

337 1272 537 1330 relicto,
573 1273 621 1319 in
660 1271 1008 1320 Macedoniam
1045 1273 1285 1337 reciperet
1323 1273 1505 1336 copias.
1538 1270 1623 1320 Ti-

339 1341 596 1388 motheum
644 1340 908 1406 quemdam
945 1357 1004 1388 ex
1045 1342 1187 1406 regiis
1226 1338 1460 1405 praefectis
1511 1357 1622 1389 cum

338 1408 534 1457 modica
565 1426 711 1456 manu
744 1409 967 1474 relinquit
995 1407 1055 1456 ad
1075 1407 1286 1467 Philam,
1318 1406 1488 1472 jussum
1512 1407 1622 1457 Ma-

339 1493 511 1543 gnetas
549 1476 601 1525 &
644 1478 946 1542 propinquos
988 1490 1193 1525 tentare.
1224 1475 1397 1539 Quum
1440 1475 1621 1525 Pellam

338 1543 570 1602 venisset,
599 1547 810 1593 exercitu
841 1547 887 1593 in
918 1545 1117 1592 hiberna
1144 1542 1361 1604 dimisso,
1382 1545 1480 1609 ipse
1512 1561 1622 1593 cum

341 1611 511 1679 Cotye
548 1611 937 1661 Thessalonicam
972 1611 1038 1661 est
1087 1612 1348 1678 profeclus.
1378 1611 1450 1661 Εὸ
1495 1611 1648 1667 fama„

337 1679 533 1730 affertur
553 1718 567 1739 ‚
599 1681 841 1730 Atlesbim
867 1681 1088 1747 regulum
1117 1679 1364 1729 Thracum
1384 1719 1398 1740 ‚
1428 1681 1478 1730 &
1497 1679 1622 1730 Cor-

335 1767 506 1816 ragum
554 1747 785 1798 Eumenis
829 1748 1105 1815 praefeclum
1146 1787 1160 1808 ‚
1194 1751 1242 1797 in
1282 1747 1460 1815 Cotyis
1501 1748 1621 1798 fines

338 1820 580 1884 impetum
613 1816 772 1867 fecisse
798 1833 812 1876 3
834 1818 885 1866 ὅ(
911 1820 1161 1884 regionem
1197 1817 1435 1866 Marenen
1476 1835 1623 1883 quam

336 1902 519 1936 vocant
547 1884 738 1952 cepisse.
773 1884 940 1952 Itaque
966 1886 1306 1934 dimittendum
1345 1884 1520 1951 Cotyn
1561 1886 1622 1935 ad

339 1954 420 2003 sua
451 1953 629 2004 tuenda
663 1969 820 2013 ratus,
849 1955 1034 2022 magnis
1065 1953 1454 2019 proficiscentem
1485 1953 1624 2003 donis

342 2022 643 2089 prosequitur
673 2038 687 2081 3
728 2037 758 2087 9
801 2021 1006 2072 ducenta
1035 2022 1214 2071 talenta
1235 2061 1250 2082 ‚
1290 2022 1516 2071 semestre
1545 2022 1641 2071 sti-·

342 2091 578 2157 pendium
604 2127 619 2150 ‚
651 2092 881 2156 equitatui
921 2106 1173 2150 numerat,
1209 2109 1227 2139 1
1263 2108 1413 2155 quum
1464 2092 1622 2155 primb

343 2177 553 2207 annuum
591 2158 703 2207 dare
751 2158 1074 2207 constituiffet.
1121 2157 1337 2219 Consul,
1371 2157 1624 2225 postquam

342 2226 617 2295 profectum
648 2225 818 2276 Persea
853 2227 1064 2287 audivit,
1102 2226 1162 2275 ad
1198 2224 1436 2275 Gonnum
1478 2227 1624 2277 castra

406 2339 430 2380 8
463 2339 636 2390 Situ'strae
664 2339 768 2392 alae]
800 2338 949 2379 Sinistri
1013 2338 1164 2379 tannim
1181 2339 1411 2393 stipendium
1438 2355 1624 2384 numeraq

341 2401 540 2443 sociorum
558 2402 736 2454 peditum
750 2402 949 2454 corporis.
1014 2401 1071 2441 vit
1090 2431 1102 2447 ‚
1129 2402 1310 2454 quamvis
1345 2401 1472 2454 primo
1502 2404 1613 2455 polli-

401 2463 622 2515 9Ducenta
637 2463 946 2516 talentaJMar-
1014 2465 1114 2504 citus
1151 2463 1248 2503 effet
1282 2463 1447 2504 solidum
1483 2465 1528 2504 iis
1558 2475 1615 2505 to·

338 2525 950 2580 casargentinostrate518750.
1011 2525 1089 2565 tius
1117 2526 1207 2564 anni
1253 2524 1484 2576 stipendium
1522 2540 1617 2577 per-

405 2598 421 2626 1
465 2586 593 2644 Quum
618 2587 746 2641 primo
779 2602 945 2626 annuum
1012 2586 1183 2626 solutum
1205 2586 1265 2625 iri.
1296 2586 1384 2625 Hac
1413 2601 1456 2625 re
1497 2601 1618 2628 neta-

338 2648 429 2688 dsste
451 2648 730 2702 constituiffct]
752 2647 945 2691 Semestxe
1013 2659 1076 2690 tur
1107 2647 1242 2689 Persei
1274 2647 1456 2691 watien
