1670 3068
339 122 453 181 392
618 105 671 163 T
716 122 737 162 1
780 123 820 164 T
865 123 887 163 1
992 107 1038 164 L
1083 125 1103 164 1
1151 125 1194 162 v
1240 124 1260 162 1
1310 124 1332 163 1
1595 177 1600 181 Ι

131 199 305 250 U·C-584
337 184 482 251 quam
526 183 665 234 solita
705 187 977 254 frequentia
1015 188 1411 253 prosequentium
1449 185 1620 236 confu-

131 255 305 296 2·C-168
337 253 437 302 lem
468 253 763 304 celebratum
791 273 801 304 :
834 275 889 304 ac
917 272 1071 321 prope
1105 257 1234 303 certa
1265 255 1346 320 spe
1378 256 1620 304 ominatos

339 319 432 370 effe
477 322 699 372 homines
728 323 874 372 finem
903 321 1059 372 adesse
1093 321 1420 372 Macedonico
1453 323 1583 371 bello
1607 359 1626 384 ‚

340 405 680 455 maturumque
728 391 934 440 reditum
982 409 1092 440 cum
1138 393 1338 458 egregio
1377 390 1620 457 triumpho

342 458 545 507 consulis
576 458 697 507 fore.

162 545 328 602 Perseus
411 524 600 573 XXIII.
639 524 776 574 Dum
805 525 906 574 haec
948 526 997 574 in
1034 524 1169 575 Italia
1206 541 1469 591 geruntur,
1509 523 1638 574 Per--

122 609 201 662 fibi
223 612 293 649 ada
342 592 445 642 sens
468 631 481 652 ‚
515 593 648 659 quod
672 591 768 658 jam
789 594 1069 642 inchoatum
1096 593 1329 660 perficere
1355 632 1370 655 ‚
1403 595 1510 659 quia
1535 593 1627 640 irn‘-

119 670 256 726 jungit
342 661 485 727 pensa
536 665 750 727 pecuniae
789 662 1008 711 facienda
1045 678 1184 720 erat,
1225 681 1327 711 non
1365 660 1626 710 inducebat

136 730 319 774 Gentium
342 733 389 777 in
427 731 639 778 animum
663 769 676 791 ‚
704 746 753 778 ut
784 729 1020 780 Gentium
1041 730 1322 797 Illyriorum
1353 746 1520 797 regem
1545 726 1630 778 fibi

186 810 189 814 ’
341 795 629 865 adjungeret
649 836 663 859 ,
694 799 786 847 hoc
805 837 821 856 ‚
854 798 1105 864 postquam
1130 797 1319 847 intrasse
1340 797 1506 846 saltum
1524 795 1630 846 Ro·
1668 830 1670 835 ‹

342 884 514 915 manos
541 905 554 926 ‚
595 867 646 914 &
677 866 831 915 adesse
864 867 1117 916 discrimen
1148 868 1369 915 ultimum
1394 866 1506 915 belli
1530 867 1632 913 ani-

342 935 605 983 madvertit
629 971 644 993 ‚
675 952 777 983 non
799 934 919 983 ultra
944 933 1263 984 differendum
1285 949 1412 983 ratus
1431 972 1444 994 ‚
1477 949 1627 1000 quum

339 1019 429 1069 per
463 1002 693 1068 Hippiam
721 1003 934 1070 legatum
961 1020 981 1050 1
1004 1017 1224 1052 trecenta
1242 1004 1425 1070 argenti
1448 1005 1632 1050 talenta

344 1069 510 1136 paclus
538 1069 653 1119 esset
677 1108 693 1131 ,
729 1073 793 1119 ita
822 1085 873 1118 ut
907 1070 1095 1120 obfides
1124 1072 1250 1120 ultro
1289 1073 1506 1136 citroque
1543 1069 1632 1118 da-

341 1154 511 1187 rentur
530 1177 543 1199 ,
565 1138 891 1187 Pantauchum
923 1139 1043 1187 misit
1064 1177 1077 1199 ‚
1104 1156 1162 1188 ex
1186 1137 1418 1187 fidiffimis
1439 1139 1630 1198 amicis,

343 1206 406 1254 ad
436 1224 494 1256 ea
529 1206 844 1272 perficienda.
893 1207 1145 1256 Medeone
1183 1207 1454 1256 Labeatidis
1490 1221 1638 1255 terraev

342 1274 647 1324 Pantauchus
679 1279 779 1342 regi
817 1275 987 1341 Illyrio
1016 1278 1221 1325 occurrit
1247 1294 1256 1323 :
1293 1275 1357 1324 ibi
1391 1275 1442 1324 δὲ
1472 1273 1631 1338 jusju-

342 1345 546 1392 randum
573 1345 632 1392 ab
667 1361 812 1411 rege,
847 1344 899 1391 &
921 1343 1109 1393 obfides
1142 1345 1360 1408 accepit3
1396 1341 1553 1391 missus
1581 1343 1633 1391 &

344 1430 373 1460 a
409 1411 594 1462 Gentio
633 1411 698 1460 est
733 1415 916 1478 legatus
940 1449 955 1472 ‚
992 1413 1193 1462 nomine
1225 1411 1475 1478 Olympio
1504 1449 1518 1471 ‚
1553 1413 1635 1476 qui

346 1477 677 1545 jusjurandum
736 1498 763 1528 a
822 1479 995 1529 Perseo
1056 1479 1338 1546 obsidesque
1400 1481 1633 1546 exigeret.

348 1565 378 1598 2
407 1547 535 1598 Cum
567 1549 746 1598 eodem
775 1548 834 1596 ad
866 1550 1119 1615 pecuniam
1151 1547 1482 1614 accipiendam
1512 1544 1635 1596 rniffi

347 1616 455 1667 sunt
476 1656 489 1678 ‚
520 1617 572 1665 ὃ(
605 1616 796 1666 auclore
820 1616 1099 1667 Pantaucho
1124 1619 1204 1684 qui
1233 1615 1465 1667 Rhodum
1490 1615 1640 1682 legati

351 1696 464 1735 curn
494 1685 853 1734 Macedonibus
881 1688 1002 1734 irent
1038 1704 1050 1735 ε
1091 1689 1302 1735 Duorum
1318 1685 1462 1750 fimul
1488 1702 1635 1751 regum

349 1756 531 1802 nomine
579 1756 761 1802 incitari
813 1756 1021 1802 Rhodios
1073 1757 1138 1802 ad
1178 1754 1340 1802 bellum
1376 1757 1634 1802 Romanum

344 1821 507 1888 pqffe3
549 1821 808 1888 aaliunfflzm
842 1825 1072 1871 civitatem
1094 1861 1111 1881 ,
1143 1840 1284 1888 penes
1326 1840 1460 1887 quam
1495 1833 1646 1868 unam

351 1905 446 1939 tum
468 1892 528 1938 rei
549 1891 739 1938 navalis
762 1891 910 1956 gloria
943 1889 1078 1954 eff'et,
1115 1908 1194 1937 nec
1230 1891 1375 1948 terni,
1409 1907 1488 1937 nec
1525 1890 1638 1937 mari

344 1956 472 2024 spem
505 1959 751 2006 relici‘umm
785 1961 1026 2006 Romanis.
1067 1957 1322 2006 Parmenio
1358 1958 1404 2006 ὃ(
1439 1956 1640 2005 Morcus

355 2025 652 2075 destinantur
676 2042 690 2086 ;
728 2026 896 2091 quibus
919 2029 982 2074 ita
1008 2026 1289 2074 mandatum
1315 2063 1329 2085 ,
1357 2027 1424 2072 uti
1459 2023 1640 2088 jureju·
1665 2071 1669 2074 .

355 2095 509 2143 rando
530 2132 544 2154 ,
578 2093 911 2160 obsidibusque
932 2132 946 2154 ,
967 2094 1017 2141 2&
1042 2094 1250 2160 pecunia
1272 2093 1471 2158 accepta
1492 2131 1505 2152 ,
1535 2108 1654 2142 tum*

356 2163 554 2212 demum
577 2162 809 2211 Rhodum
843 2160 1273 2228 proficiscerentur.
1318 2161 1644 2212 Venientibus

356 2228 533 2298 Illyriis
565 2229 762 2279 Perseus
785 2268 798 2290 ,
829 2231 889 2278 ab
914 2228 1103 2297 Enipeo
1129 2232 1258 2279 amni
1278 2246 1336 2279 ex
1357 2227 1513 2279 castris
1533 2249 1641 2281 cum
1662 2280 1670 2285 ,

427 2357 443 2384 1
469 2343 661 2384 Trecenta
674 2343 825 2398 argenti
843 2343 969 2383 talen·
1034 2343 1122 2385 sunt
1169 2343 1235 2384 alii
1264 2371 1276 2392 ,
1322 2344 1388 2398 qui
1432 2345 1643 2398 pecuniam

361 2405 434 2459 ta]
459 2405 620 2446 Marcas
637 2405 793 2460 argenti
823 2405 970 2446 nostra·
1035 2420 1054 2445 a
1087 2405 1235 2446 Perseo
1261 2407 1519 2459 acciperent,
1543 2408 1641 2456 alii,

361 2478 426 2508 tes
465 2468 631 2518 28125.
1033 2468 1226 2507 suadente
1269 2467 1538 2515 Pantaucho,
1576 2468 1664 2522 quiv

427 2543 450 2569 2
485 2532 575 2570 Cam
613 2529 745 2569 eodem
774 2529 825 2568 ad
855 2543 969 2583 pecu-
1033 2529 1221 2569 Rhodum
1243 2529 1367 2584 legati
1387 2544 1476 2570 curn
1495 2530 1643 2572 Mace-

361 2590 466 2630 m'am
485 2592 497 2615 l
520 2592 620 2631 Haec
643 2590 692 2630 sic
713 2591 897 2645 intellige
922 2605 972 2630 ex
1036 2591 1207 2633 donibus
1241 2591 1362 2632 irent.

362 2651 551 2708 Polybio.
573 2652 677 2695 Cum
710 2653 855 2695 eodem
877 2652 972 2692 rniffi
