1670 3068
313 109 677 164 L1BER
771 104 1059 162 XLIV.
1203 104 1308 183 363

46 187 99 237 ὅ(
129 189 266 236 unius
301 188 398 236 diei
443 183 686 252 progeffus
731 186 820 232 iter
858 222 872 244 ‚
919 186 1200 234 convocatis
1240 189 1315 234 iti·
1333 198 1524 251 {Le-583·
1569 186 1574 190 ’

45 271 213 304 nerum
238 255 433 303 ducibus
457 292 470 313 ‚
509 254 538 302 6
569 269 716 318 quum
747 269 995 317 exponere
1031 255 1079 301 in
1117 253 1317 304 consilio
1334 255 1524 305 &fil-109·

46 320 270 388 jussisset,
303 323 397 388 qua
432 321 624 387 quisque
652 320 870 368 ducimus
905 318 1019 369 ess'et
1048 357 1063 381 ,
1103 319 1324 371 summo-

47 392 106 438 tis
138 393 192 439 iis
218 427 231 449 ,
264 407 406 456 quam
430 387 725 455 potissmium
746 402 934 454 peteret
959 386 1128 454 (viam
1150 387 1171 454 )
1197 427 1211 448 ‚
1241 406 1327 439 re-

48 457 156 506 tulit
180 458 239 505 ad
264 458 531 506 confilium.
570 457 690 504 Aliis
729 473 814 522 per
842 454 1069 522 Pythium
1102 456 1327 520 placebat

49 527 162 575 via:
197 525 296 573 aliis
325 543 410 591 per
447 523 746 573 Cambunios
780 538 1002 585 montes,
1032 524 1127 589 qua
1163 526 1328 590 priore

49 609 180 643 anno
224 591 423 641 duxerat
470 590 698 640 Hostilius
749 590 912 639 consul
945 609 956 639 ε
1005 592 1105 639 aliis
1154 606 1330 658 praeter

49 660 334 709 Ascuridem
359 660 603 726 paludem.
631 657 901 720 Restabat7
924 660 1216 724 aliquantum
1233 662 1329 709 viae

50 731 350 776 communis:
386 730 546 793 itaque
578 729 624 774 in
667 726 715 773 id
750 741 942 790 tempus
969 763 984 786 ‚
1027 745 1124 792 quo
1171 745 1326 795 prope

8 835 12 839 .
49 796 315 844 divortium
341 796 563 843 itinerum
596 793 742 841 castra
768 792 963 859 posituri
994 808 1161 854 erant,
1203 796 1330 844 deli-

50 863 237 912 beratio
274 861 377 927 ejus
409 865 477 911 rei
502 859 712 911 differtur
738 878 751 918 ;
790 862 838 908 in
870 860 1190 910 Perrhaebiam
1214 863 1329 913 inde

52 931 182 980 ducit
205 970 220 991 ,
255 931 307 980 &
327 933 449 979 inter
469 931 683 979 Azorum
708 930 758 978 &
779 928 1027 978 Dolichen
1049 929 1215 979 stativa
1237 932 1330 979 ha-

51 999 154 1048 buit
177 1037 190 1058 ,
225 1000 285 1047 ad
324 998 672 1047 consulendum
695 996 846 1046 rursus
867 1015 1009 1064 quam
1034 997 1330 1064 potissimiitn

49 1066 312 1133 capesseret
355 1071 501 1116 viam.
554 1064 644 1115 Per
689 1064 885 1114 eosdem
928 1067 1028 1115 dies
1075 1062 1271 1115 Perseus
1312 1103 1330 1128 ,

50 1151 200 1201 quum
236 1138 627 1201 appropinquare
661 1133 846 1182 hostem
877 1133 1017 1181 sciret
1041 1171 1055 1193 ‚
1088 1135 1220 1200 quod
1240 1137 1331 1183 iter

51 1206 288 1270 petiturus
321 1201 434 1251 esset
465 1205 655 1268 ignarus
680 1239 697 1259 ‚
748 1219 918 1249 omnes
952 1201 1087 1249 saltus
1120 1202 1327 1252 insidere

51 1270 275 1338 praesidiis
292 1269 464 1319 statuit.
499 1269 552 1317 In
583 1267 749 1335 jugum
777 1268 1163 1320 Cambuniorum
1190 1288 1326 1320 mon·
1371 1275 1535 1330 Perseus

51 1341 172 1388 tium
212 1337 234 1404 (
278 1336 539 1387 Volustana
574 1337 661 1403 ipsi
698 1336 924 1404 vocant)
970 1337 1145 1386 decem
1176 1340 1325 1387 millia
1341 1340 1469 1380 aditus

51 1407 172 1456 levis
200 1421 447 1454 armaturae
478 1424 585 1454 cum
619 1406 740 1454 duce
770 1405 1123 1470 Asclepiodoto
1150 1409 1295 1455 mittit
1319 1415 1525 1467 30⁶0&ss-

55 1476 116 1523 ad
148 1473 387 1522 castellum
412 1512 425 1533 ‚
452 1473 584 1540 quod
615 1473 761 1538 super,
785 1473 1069 1522 Ascuridem
1099 1474 1329 1539 paludem

53 1558 153 1591 erat
178 1540 456 1608 (Lapathus
477 1556 678 1590 vocatur
709 1541 843 1589 locus
866 1539 887 1606 )
928 1541 1134 1606 Hippias
1161 1557 1332 1592 tenere

54 1610 224 1659 saltum
273 1627 383 1657 cum
433 1609 692 1658 duodecim
747 1610 951 1657 millium
997 1609 1332 1660 Macedonum

57 1677 276 1745 praefidio
311 1675 470 1741 jussus.
503 1677 609 1742 Ipse
642 1693 750 1723 cum
774 1677 965 1742 reliquis
991 1680 1143 1743 copiis
1171 1679 1332 1743 primb

59 1748 181 1795 circa
219 1743 373 1793 Dium
420 1743 585 1793 stativa
618 1744 782 1793 habuit
815 1761 828 1802 ;
877 1744 1089 1805 deinde,
1130 1746 1254 1795 adeo
1280 1762 1334 1795 ut

59 1811 354 1879 obtorpuisse
385 1814 525 1878 inops
546 1811 726 1861 consilii
753 1812 1031 1872 videretur,
1063 1830 1170 1861 cum
1198 1817 1335 1881 equi-

58 1883 183 1931 tibus
218 1880 454 1945 expeditis
477 1918 490 1939 ‚
523 1898 607 1946 per
644 1882 802 1928 littora
836 1898 961 1928 nunc
1000 1881 1294 1931 Heracleum
1318 1920 1335 1943 ‚

60 1967 187 1999 nunc
237 1948 420 1997 Philam
471 1948 692 1998 currebat
726 1985 742 2008 ‚
791 1949 971 1998 eodem
1028 1949 1140 2005 inde
1197 1949 1335 1999 cursu

62 2017 214 2068 Dium
248 2033 492 2082 repetens.

129 2083 218 2133 ΙΙΙ.
240 2083 436 2133 Interim
467 2083 647 2133 consuli
672 2083 903 2133 sententia
929 2082 1056 2133 stetit
1076 2123 1089 2142 ,
1123 2102 1184 2134 eo
1214 2085 1330 2135 saltu
1345 2115 1543 2156 Macedo-

0 2150 1 2161 ¹
63 2152 240 2202 ducere
266 2191 280 2213 ‚
319 2154 399 2200 ubi
425 2168 625 2218 propter
658 2150 995 2218 Ostolophum
1022 2153 1226 2202 diximus
1252 2171 1327 2203 re·
1346 2179 1450 2218 niam
1468 2178 1528 2217 in-

64 2223 132 2288 gis
151 2218 293 2269 castra
312 2221 334 2245 '¹‘
358 2220 584 2269 Praemitti
598 2236 758 2268 tamen
781 2236 984 2286 quatuor
1003 2221 1149 2270 millia
1174 2238 1330 2270 arma·
1343 2239 1522 2296 gredient-

64 2303 224 2338 torum
246 2326 261 2350 ,
292 2288 354 2337 ad
374 2289 482 2337 loca
503 2304 780 2355 opportuna
803 2290 1185 2355 praeoccupanda
1204 2328 1217 2350 ‚
1237 2290 1544 2356 pla-Marcius.

129 2401 154 2439 6
173 2400 301 2458 Quum
315 2414 508 2455 exponere
522 2399 559 2439 in
577 2415 672 2440 con·
736 2416 824 2455 quae
850 2401 1000 2454 pariter
1030 2402 1077 2441 ad
1120 2401 1306 2456 Pythium
1326 2430 1340 2450 ,

61 2461 154 2516 filio
167 2458 352 2516 juffiffec]
372 2462 556 2516 lnteffige
577 2476 640 2502 eos
658 2491 670 2510 ‚
735 2464 785 2502 ad
809 2461 1053 2503 Cambunios
1081 2475 1240 2505 montes
1260 2461 1343 2515 {ad

70 2523 193 2564 idffest
210 2552 222 2569 ,
258 2524 381 2563 duces
407 2524 609 2563 itinerum.
738 2524 972 2566 Ascuridem
997 2526 1186 2579 paludem
1218 2526 1347 2574 duce÷

131 2598 158 2636 7
188 2585 446 2638 Aliquantum
471 2585 540 2624 v'iae
569 2599 673 2625 com·
736 2596 815 2628 tet.

72 2645 233 2700 munis]
266 2647 526 2702 Aliquantum
557 2646 632 2688 viae
660 2673 672 2694 ,

952 2702 1074 2772 Qij
