1670 3068
324 113 650 166 INDEX
721 115 1097 167 RERUM.
1258 133 1356 185 5¹7

128 180 295 224 senatum
310 214 321 233 ,
342 185 488 239 legatos
509 185 674 226 Romam
708 186 819 224 mittit
839 184 886 225 ad
921 187 1152 235 purcandum
1172 184 1208 227 se
1222 213 1235 229 ‚
1256 185 1349 237 XL,

126 248 197 286 42..
215 250 302 279 eum
324 238 527 293 suspestum
549 238 697 280 Issenses
722 238 832 292 legati
859 238 1000 279 faciunt
1017 270 1027 287 ,
1046 250 1240 294 tamquam
1269 251 1351 280 uno

127 292 255 333 animo
274 293 469 334 viventem
490 305 578 335 cum
605 292 747 334 Perseo
767 325 772 333 .
794 289 920 338 xLu.
943 292 1009 333 26.
1040 292 1087 333 ad
1121 306 1208 335 eum
1236 293 1352 347 legati

127 343 292 387 Romani
311 377 323 394 ,
342 347 436 388 ibid.
456 347 509 388 est
530 347 711 388 Romanis
737 346 920 400 suspeetus
936 376 947 393 ‚
970 343 1091 385 XLIII
1111 374 1123 389 ‚
1139 359 1180 398 9.
1200 346 1347 387 obsidi-

128 397 200 439 bus
218 401 316 442 ultro
335 401 509 454 citroque
529 400 624 442 datis
638 435 647 446 ,
665 399 792 442 foedus
812 399 901 441 facit
917 412 1005 442 cum
1023 397 1161 441 Perseo
1175 433 1185 449 ‚
1203 400 1350 451 XLIV,

127 463 196 504 23.
219 454 377 505 conjicit
395 456 541 508 legatos
559 454 760 496 Romanos
795 455 831 495 in
853 466 1049 496 carcerem
1069 485 1080 502 ,
1100 467 1165 504 27.
1187 456 1349 506 pecunia

126 506 235 560 perfia
252 507 443 550 fraudatur
461 522 480 550 a
495 507 633 551 Perseo
645 541 654 556 ‚
672 508 811 550 decem
831 507 1098 550 tautummodo
1116 508 1262 549 talentis
1282 521 1350 549 ac·-

128 562 275 615 ceptis,
294 562 388 602 ibid.
407 563 486 615 ejus
508 576 626 618 genus
648 564 687 604 &
707 562 824 611 fasta,
850 574 914 615 30-
935 563 1060 616 copiae
1080 594 1091 612 ‚
1109 562 1204 603 ibid.
1226 562 1349 603 vinci-

126 626 185 656 tur
205 628 226 656 a
246 615 429 658 RomanIs
447 646 458 662 ‚
478 629 542 670 31·
563 619 656 671 petit
684 617 876 667 inducias,
899 617 992 656 ibid.
1028 615 1134 658 dedit
1161 617 1197 658 se
1217 616 1252 656 In
1270 627 1349 670 po·

125 669 298 713 testatem
317 671 443 713 Anicii
461 675 630 725 praetoris
643 701 654 716 ‚
670 671 765 713 ibid,
780 672 813 712 in
829 670 1040 712 custodiam
1060 670 1236 718 traditur,
1250 672 1350 715 ibid,

126 736 216 766 cum
234 725 398 779 conjuge
418 727 460 766 &
479 725 604 767 liberis
624 727 658 766 in
677 725 904 778 triumphum
925 725 1072 766 ducitur
1093 734 1178 767 ante
1196 736 1348 766 currum

124 777 168 873 Id.
191 778 318 872 Anicili
334 781 527 833 praetoris,
542 779 666 825 XLV,
685 789 753 832 43.
772 778 987 833 Spoletium
1005 778 1160 820 mittitur
1173 781 1208 820 in
1223 778 1353 821 custo·

155 833 228 873 iam
251 863 261 882 ,
281 837 296 872 ι’
322 835 376 875 id.

72 886 199 929 Graeci
216 887 358 941 septem
376 887 460 929 libri
478 887 525 930 de
541 886 728 942 sapientiae
747 886 937 941 discipIIna
959 886 1104 929 Inventi
1121 886 1158 928 in
1176 886 1349 941 sepulcro

126 940 286 989 Numae,
310 942 378 983 XL
398 975 409 992 ‚
432 954 499 993 29«.
600 963 603 965 >
1337 986 1339 988 ,

69 994 225 1039 Guluffa
240 1027 250 1045 ‚
269 996 363 1037 filius
384 996 590 1043 Masiniffae.
616 1007 638 1037 a
670 1005 775 1049 patre
809 995 974 1038 Romam
1006 995 1163 1038 mittitur
1178 1028 1189 1046 ,
1213 995 1320 1037 XLII
1336 1028 1354 1048 ‚-

125 1065 148 1092 2
157 1061 192 1103 3.
209 1049 414 1105 respondet
430 1051 560 1105 legatis
579 1050 940 1105 Carthaginiensium
959 1050 1007 1092 de
1027 1061 1132 1104 patre
1153 1053 1352 1106 querenti:

124 1104 196 1146 bus
212 1133 223 1148 ‚
241 1117 308 1156 24.
327 1104 522 1148 dimittitur
543 1118 631 1149 cum
655 1105 766 1147 donis
784 1136 796 1158 ,
825 1107 922 1149 ibid.
957 1105 1055 1148 redit
1089 1105 1236 1160 legatus
1263 1105 1356 1148 Ro·

125 1171 249 1210 mam,
271 1158 421 1212 XLIII,
441 1171 481 1214 3.
686 1213 727 1256 H

73 1271 426 1366 HAHARTUS
445 1322 628 1378 oppidum
642 1354 653 1374 ‚
673 1322 808 1368 XLII,
827 1323 880 1374 46
900 1355 910 1373 ,
932 1323 994 1373 56,
1021 1332 1278 1379 oppugnatum
1304 1323 1349 1366 δὲ

125 1387 277 1431 captum
297 1390 317 1418 a
335 1378 519 1419 Romanis
534 1409 543 1425 ‚
561 1379 630 1430 63.
651 1377 808 1419 diruitur
828 1390 847 1418 a
865 1377 1117 1420 fundamentis
1136 1410 1146 1428 ,
1166 1380 1262 1420 ibid.

69 1429 233 1486 Hispal-1:
254 1432 426 1474 Feceniae
441 1463 452 1481 ,
473 1432 594 1473 nobili
616 1433 742 1474 scorto
759 1460 771 1478 ,
791 1434 984 1486 praemium
1006 1445 1026 1472 a
1044 1433 1173 1474 senatu
1189 1433 1316 1474 datum
1331 1461 1351 1480 ,

127 1486 233 1540 quod
256 1488 336 1535 ejus
357 1487 474 1541 opera
495 1486 751 1529 Bacchanalia
770 1486 932 1537 detesta,
947 1486 1267 1539 XXXIX,9-14‚
1285 1498 1352 1539 19³

70 1539 225 1595 Hispani
244 1552 449 1595 queruntur
470 1540 517 1582 de
536 1541 813 1595 magistratuum
829 1540 1093 1582 Romanorum
1111 1543 1287 1587 avaritia,
1306 1544 1348 1582 ὅτ.

127 1595 280 1650 aliquod
303 1597 502 1649 impetrant
523 1608 542 1637 a
563 1596 690 1637 senatu
713 1596 888 1638 levamen
910 1627 918 1642 ,
939 1594 1091 1639 XLIII,
1112 1609 1152 1636 2.

72 1650 224 1704 Quarta
242 1650 401 1691 Hostilia
428 1651 623 1691 damnatur
639 1679 651 1694 ‚
675 1660 814 1691 necato
835 1651 970 1691 marito
989 1650 1142 1693 consule
1163 1681 1174 1702 ,
1196 1659 1237 1691 ut
1267 1648 1351 1691 filio

126 1704 193 1746 suo
213 1706 312 1745 viam
332 1704 378 1746 ad
400 1704 636 1746 consulatum
654 1705 816 1758 aperiret
836 1737 846 1753 ,
864 1704 931 1745 XL
949 1736 959 1755 ‚
982 1716 1047 1756 37.

72 1758 124 1801 A.
155 1758 336 1800 Hostilius
371 1758 574 1800 Mancinus
595 1769 745 1801 creatur
776 1768 937 1811 praetor,
971 1758 1059 1802 XL,
1103 1769 1167 1809 35.
1198 1757 1354 1807 consul,

125 1812 265 1854 XLIII.
299 1813 425 1868 Suppl.
444 1813 485 1860 l,
511 1826 543 1854 2.
569 1814 604 1853 in
641 1813 917 1855 Macedoniam
951 1812 1196 1866 proficiscens
1229 1812 1355 1853 Persei

123 1866 270 1963 ingdias
291 1869 356 1962 vili<
376 1866 505 1922 effugit
522 1899 533 1919 ,
549 1868 645 1908 ibid.
663 1879 703 1918 4.
721 1880 855 1922 parum
881 1866 1044 1910 feliciter
1064 1866 1205 1909 bellum
1231 1866 1355 1909 admi²

124 1923 162 1964 ni
198 1931 279 1972 rat,
301 1926 316 1962 ι’
341 1924 398 1965 id.

74 2033 367 2128 JANUARIO
386 2085 514 2127 mense
530 2085 685 2127 comitia
703 2084 916 2127 consularia
934 2084 1062 2127 habita
1078 2114 1089 2135 ,
1107 2083 1232 2126 XLIII
1251 2114 1261 2135 ,
1283 2095 1350 2128 110

70 2140 150 2183 Jani
171 2152 246 2181 tres
265 2152 285 2180 a
306 2140 524 2181 censoribus
543 2139 630 2181 fatti
650 2173 661 2191 ,
677 2139 763 2180 XLI
784 2173 794 2189 ,
813 2153 882 2191 27.

68 2194 257 2288 Jagyildffii
289 2194 400 2248 legati
435 2196 472 2235 in
492 2194 619 2235 senatu
651 2205 856 2248 queruntur
880 2193 928 2236 de
951 2194 998 2236 C.
1019 2194 1142 2236 Cassio
1164 2192 1352 2244 consule3*

70 2302 287 2357 Illyriorum
315 2261 430 2356 Iegati
466 2303 568 2344 curia
602 2302 793 2345 excedere
830 2301 905 2354 iuffi
926 2332 937 2350 ‚
964 2301 1067 2343 XLII
1087 2335 1097 2352 ,
1131 2302 1199 2343 26.
1233 2299 1353 2354 Illyrii

127 2359 358 2398 vincuntura
379 2357 577 2407 Romanis,
597 2356 742 2401 XLIV,
763 2368 902 2409 30-32.
921 2358 964 2398 iis
979 2357 1131 2397 libertas
1151 2355 1354 2405 concessa2>

126 2411 232 2452 XLV
253 2442 263 2457 .
287 2412 333 2452 18
352 2446 360 2459 ‚
381 2412 447 2452 26.
470 2411 654 2466 Illyricum
677 2413 711 2452 in
732 2423 805 2452 tres
828 2421 950 2463 partes
972 2410 1157 2458 divisum,
1175 2410 1270 2451 ibid.

73 2464 145 2508 Ion
165 2465 496 2507 Thessalonicensis
514 2496 524 2512 ‚
553 2478 595 2519 pr
609 2465 747 2507 [festus
775 2465 899 2508 Persei
918 2497 929 2514 ,
952 2464 1057 2506 XLII
1078 2497 1088 2515 ‚
1113 2465 1183 2517 582
1205 2463 1356 2505 liber-osx

130 2519 251 2562 Persei
283 2520 393 2560 tradit
421 2519 588 2560 octavio
610 2552 625 2570 ἵ
654 2520 760 2560 XLV
780 2548 792 2565 ,
819 2520 858 2560 6.

73 2573 178 2617 Istrssa
197 2606 208 2624 ,
235 2573 410 2614 XXXIX
432 2607 448 2624 ,
478 2587 541 2624 55.
577 2575 612 2614 in
645 2573 784 2615 istriam
814 2575 989 2627 legiones
1016 2572 1120 2614 ducit
1149 2571 1207 2614 M.
1242 2572 1358 2613 crau-⁷

129 2628 211 2670 dius
239 2627 452 2670 Marcellus·
475 2629 629 2676 consul,
659 2629 753 2667 ibjdg
783 2628 886 2669 istria
916 2637 996 2668 tota
1046 2628 1156 2668 trium
1185 2627 1361 2681 oppido*

130 2695 217 2725 rum.
230 2683 398 2726 exscIdio
416 2715 431 2738 ,
450 2684 490 2724 &
509 2693 634 2726 morte
653 2684 751 2738 tegis
770 2711 784 2734 ,
801 2691 981 2737 pacatur,
1002 2680 1091 2723 XLI
1108 2710 1119 2732 ,
1139 2693 1210 2725 u,
