1670 3068
273 83 320 141 L
363 99 387 140 1
431 99 466 140 B
511 99 546 141 E
590 101 628 142 R
711 85 1086 143 XXXIX.
1225 108 1299 171 71-

27 160 396 231 publicanorum
422 163 570 213 viGlus
600 165 790 225 induci,
814 167 865 215 &
907 167 967 215 de
993 169 1183 234 integro
1222 172 1514 240 lo-n.‹·‚568.·

32 233 128 286 cari
153 230 373 295 jusfiss'et,
399 231 619 281 censores
649 234 808 281 edicio
840 233 1092 282 summotis
1122 238 1181 284 ab
1218 238 1301 286 ha·
1317 246 1497 298 a.C.184

33 296 135 357 sta,
173 303 252 365 qui
291 298 519 349 ludificati
559 304 771 366 priorem
805 302 1102 351 locationem
1139 320 1309 366 erant,

35 369 197 415 omnia
232 368 402 417 eadem
440 369 634 433 paulum
667 370 931 418 imminutis
962 374 1126 436 pretiis
1169 372 1313 420 loca-

33 450 224 482 verunt.
276 436 467 485 Nobilis
515 436 708 485 censura
756 437 873 497 fuit,
924 437 1315 506 simultatumque

34 502 177 568 plena
207 519 218 548 :
251 521 355 570 quae
383 504 454 552 M.
487 504 706 553 Porcium
739 506 853 572 (cui
889 507 1119 555 acerbitas
1152 525 1209 556 ea
1242 510 1316 557 as·

35 568 308 635 signabatur
340 572 361 638 )
399 589 484 637 per
531 590 731 620 omnem
785 576 931 620 vitam
977 590 1317 626 exercuerunt.

34 635 226 685 Eodem
257 658 385 687 anno
420 641 624 687 coloniae
650 640 766 687 'duae
788 678 801 699 ‚
836 640 1072 690 Pollentia
1104 645 1151 691 in
1184 644 1318 693 Pice-

38 722 185 764 num,
211 703 444 755 Pisaurum
474 722 493 771 5
521 710 566 753 in
599 706 839 755 Gallicum
867 726 1029 775 agrum
1051 748 1062 767 ,
1097 711 1317 761 deduciae

36 770 158 821 sunt.
185 772 312 822 Sena
349 773 512 841 jugera
545 776 591 822 in
629 775 837 842 singulos
873 777 998 825 data.
1035 776 1319 829 Diviserunt

37 857 202 908 agrum
223 880 237 901 ,
273 843 579 907 coloniasque
613 845 909 893 deduxerunt
937 846 1083 893 iidem
1113 863 1207 895 tres
1241 851 1320 898 vi-

37 912 113 967 ri,
151 909 219 972 Q.
265 909 438 958 Fabius
480 909 645 960 Labeo
669 951 682 970 ,
717 912 765 960 &
805 912 877 960 M.
921 913 970 960 &
1003 912 1077 978 Q.
1115 914 1270 964 Fulvii
1301 953 1320 977 ‚

38 973 236 1040 Flaccus
272 978 321 1025 ὅ(
359 977 594 1026 Nobilior.
636 978 873 1029 Consules
920 979 1022 1044 ejus
1066 986 1176 1030 anni
1228 1002 1320 1033 nec

40 1042 193 1102 domi,
206 1061 295 1093 nec
309 1048 487 1093 militiae
504 1049 821 1096 memorabile
835 1049 1087 1114 quicquam
1103 1068 1324 1117 egerunt.

40 1109 96 1159 In
136 1111 467 1178 insequentem
510 1132 686 1163 annum
724 1132 943 1164 crearunt
983 1118 1200 1166 consules
1241 1120 1321 1168 M.

42 1177 300 1228 Claudum
330 1182 613 1231 Marcellum
634 1220 648 1242 ,
684 1184 754 1249 Ω
792 1185 992 1233 Fabium
1016 1185 1318 1236 Labeonem.

109 1246 271 1297 XLV.
298 1250 368 1298 M.
394 1249 624 1300 Claudius
642 1290 655 1310 ‚
681 1253 749 1318 Ω.
773 1253 943 1300 Fabius
961 1293 974 1314 ,
1002 1254 1164 1302 Idibus
1189 1255 1319 1304 Mar-
1334 1255 1528 1322 U.e.569;

40 1315 116 1362 tiis
139 1354 153 1375 ,
181 1333 277 1382 quo
306 1319 382 1367 die
423 1320 718 1368 consulatum
754 1322 959 1369 inierunt
984 1359 997 1380 ,
1030 1323 1090 1371 de
1119 1318 1407 1388 provin-²¹²
1435 1315 1527 1366 133·

44 1384 126 1430 ciis
179 1384 266 1432 suis
320 1404 677 1454 praetotutnque
739 1390 1023 1439 retulerunt.
1091 1391 1319 1441 Praetores
1336 1370 1528 1470 Ysslau-

46 1453 191 1499 creati
228 1470 398 1515 erant,
433 1454 494 1504 C.
537 1455 755 1505 Valerius
792 1458 967 1506 flamen
1010 1456 1199 1520 Dialis,
1237 1464 1319 1525 qui
1338 1434 1530 1534 F¹a⁰bfoQ⁸

46 1517 96 1565 &
124 1522 283 1583 priore
317 1541 443 1569 anno
475 1525 710 1585 petierat,
738 1525 788 1570 ἃ(
820 1525 903 1589 Sp.
937 1524 1202 1576 Postumius
1236 1529 1446 1597 Al-Coffi

45 1586 184 1633 binus
209 1628 221 1642 ,
261 1588 310 1635 ὃ(
346 1589 395 1638 Ρ.
437 1588 694 1639 Cornelius
728 1590 959 1651 Sisenna,
1002 1594 1057 1641 L.
1099 1597 1276 1660 Pupius
1303 1635 1317 1656 ,

49 1651 103 1701 L.
136 1655 285 1702 Julius
319 1694 332 1712 ‚
381 1656 476 1706 Cn.
524 1657 741 1706 Sicinius.
793 1658 1080 1708 Consulibus
1123 1661 1322 1730 Ligures
1397 1662 1499 1705 Pro:

49 1738 160 1768 cum
191 1722 354 1771 iisdem
386 1728 708 1787 exercitibus,
746 1745 866 1792 quos
906 1727 955 1776 Ρ.
997 1727 1229 1780 Claudius
1272 1726 1492 1782 &¹40⁶ae-

50 1787 106 1836 L.
139 1787 333 1839 Porcius
374 1792 638 1842 habuerant
664 1833 678 1853 ,
714 1797 963 1859 provincia
1009 1797 1203 1847 decreta
1246 1800 1331 1850 est.

52 1855 291 1922 Hispaniae
321 1877 448 1909 extra
484 1860 661 1911 sortem
694 1865 864 1927 prioris
895 1865 1006 1912 anni
1042 1867 1329 1930 praetoribus

0 1970 1 1987 ἢ
51 1941 159 1971 cum
191 1926 279 1975 suis
311 1930 596 1978 exercitibus
620 1931 836 1979 servatae.
869 1931 1098 1982 Praetores
1131 1937 1194 1983 ita
1230 1937 1330 1986 sor-

0 1990 1 1998 ’
51 1994 126 2039 tiri
151 1990 287 2056 juffi,
325 1998 389 2043 uti
424 1997 605 2045 flamini
646 1998 777 2047 Diali
822 2002 987 2066 utique
1029 2004 1176 2050 altera
1211 2001 1327 2067 juris

51 2059 449 2112 dicendi-Romae
477 2069 723 2130 prov-‘incia
748 2066 894 2126 esset,
919 2073 1220 2135 peregrinam
1257 2072 1327 2122 est

53 2129 256 2177 sortitus.
292 2130 496 2181 Sisennae
541 2133 777 2185 Cornelio
809 2137 1018 2192 urbana,
1049 2136 1133 2203 Sp.
1164 2139 1330 2191 Postu-

56 2196 156 2242 mio
190 2195 371 2258 Sicilia,
401 2199 454 2248 L.
476 2200 627 2267 Pupio
660 2203 866 2266 Apulia,
891 2203 944 2252 L.
969 2203 1095 2254 Julio
1130 2205 1326 2269 Gallia,

57 2259 150 2311 Cn.
172 2262 349 2315 Sicinio
369 2266 584 2317 Sardinia
618 2272 798 2319 evenit.
825 2271 881 2320 L.
908 2271 1057 2321 Julius
1092 2292 1331 2326 maturare

57 2329 124 2379 est
155 2329 309 2394 jussus.
341 2333 471 2384 Galli
505 2336 805 2404 Transalpini
844 2356 929 2404 per
964 2340 1101 2389 saltus
1147 2345 1330 2409 ignotae

58 2412 199 2447 antea
235 2403 326 2449 viae
366 2401 433 2469 (6
466 2420 516 2452 ut
549 2407 657 2453 ante
697 2406 872 2455 difium
909 2406 1018 2475 est)
1057 2412 1104 2457 in
1141 2409 1330 2460 Italiam

53 2467 318 2534 transgressi
336 2507 351 2528 ,
384 2474 621 2536 oppidum
653 2476 701 2522 in
735 2493 852 2542 agro
873 2514 887 2536 ,
914 2479 993 2543 qui
1021 2495 1148 2527 nunc
1174 2479 1333 2545 Aqui-

127 2565 142 2600 ς
178 2553 226 2593 In
271 2553 469 2596 Gallicam
494 2560 658 2614 agrum]
787 2562 812 2602 6
847 2562 905 2603 Ut
937 2563 1027 2604 αηιὲ
1060 2565 1196 2607 άίἑῖιιτη
1232 2567 1327 2623 est]

56 2611 568 2684 Vid.n0t.2.adXX111‚
595 2634 673 2677 14.
726 2623 855 2678 Supra
886 2639 924 2668 c.
954 2639 1028 2669 22.
