1670 3068
298 121 368 185 50
617 105 674 163 T
720 123 741 162 1
785 124 826 164 T
870 123 892 163 1
979 109 1024 164 L
1063 124 1086 163 1
1129 125 1174 163 v
1218 125 1239 164 1
1286 124 1308 164 1

83 201 273 253 1355&
290 189 406 237 lium
432 185 774 236 instauratum:
796 187 1047 255 coafiique
1070 190 1172 237 sunt
1192 188 1405 238 Romani
1433 188 1578 257 equi·-

84 262 172 303 aL
185 259 271 307 185-
290 271 362 306 tes
404 255 698 306 descendere
727 273 786 305 ex
823 259 977 323 equis,
1012 256 1370 306 Dimicantibus
1408 259 1465 307 iis
1500 259 1575 307 le-

286 327 368 393 gio
396 328 561 391 quinta
600 324 907 403 supervenit:
931 324 1144 384 deinde,
1175 343 1226 374 ut
1250 342 1449 392 quaeque
1481 344 1575 391 po-

282 408 475 443 tuerant
506 431 521 454 ‚
563 395 718 459 copiae
774 391 1052 441 affluebant.
1096 391 1303 442 Caedunt
1289 410 1361 441 ur
1403 392 1573 459 paffim

284 461 487 527 Hispani
520 478 606 527 per
634 477 736 509 tota
766 461 953 508 castra·
941 496 956 519 ,
986 478 1076 510 nec
1120 462 1225 525 plus
1265 462 1407 527 quum
1451 479 1576 527 qua-

285 544 398 579 tuor
427 529 857 577 millia'hominum
886 527 1158 596 effugerunt
1180 547 1195 589 3
1214 531 1326 578 inde
1357 532 1445 578 tria
1463 531 1576 578 mil·-
1634 569 1637 570 γ

284 596 347 646 lia
379 597 515 656 fere,
549 599 630 664 qui
667 614 796 644 arma
831 600 1161 656 retinuerant,
1199 612 1418 645 montem
1455 617 1593 664 pro--

284 668 522 732 pinquum
568 679 842 731 ceperunt·
883 667 1012 715 mille
1047 666 1323 715 semiermes
1363 666 1576 715 maxime

285 752 373 800 per
405 751 545 801 agros
585 735 730 799 palati
764 733 885 782 sunt.
930 734 1084 801 Supra
1123 736 1316 801 triginta
1361 738 1575 812 quinque

286 802 437 850 millia
470 799 678 850 hostiurn
709 802 930 862 fuerant,
964 821 1023 851 ex
1059 805 1232 870 quibus
1266 820 1362 852 tam
1398 806 1571 870 exigua

285 888 396 938 pars
426 878 598 949 pugnae
630 869 896 935 superfuit;
930 873 1059 938 ligna
1096 886 1233 938 capta
1261 888 1454 920 centurn
1488 873 1575 920 tri-

284 941 422 1057 ginta
454 943 558 988 tria.
593 938 806 987 Romani
836 939 1046 989 sociiuue
1074 944 1217 1005 paulo
1245 940 1349 1005 plus
1377 939 1577 988 sexcen-

345 1008 450 1068 ,&
491 1010 862 1072 provincialium
892 991 1178 1059 amiiliorum
1209 1025 1402 1057 centurn
1437 1011 1577 1073 quin-

284 1023 516 1143 quaginta
565 1076 716 1125 ferme
758 1079 1038 1125 ceciderunt
1079 1095 1092 1136 3
1135 1077 1312 1126 tribuni
1363 1078 1576 1124 militum

285 1149 503 1212 quinque
554 1143 701 1192 amiffi
727 1182 741 1204 ‚
783 1145 836 1193 ὃς
880 1147 1019 1211 pauci
1071 1149 1258 1212 equites
1304 1145 1519 1193 Romani
1558 1181 1576 1206 ,

286 1231 321 1273 4
353 1230 563 1262 cruentae
595 1214 803 1261 maxime
834 1214 1045 1263 vietoriae
1083 1215 1291 1279 speciem
1335 1212 1576 1264 fecerunt.

285 1279 344 1330 In
379 1284 536 1343 emitis
570 1282 808 1340 hostium,
845 1285 953 1348 quia
971 1282 1079 1349 ipsis
1101 1281 1300 1348 spatium
1331 1281 1408 1330 sua
1434 1300 1578 1331 com·-

285 1351 540 1400 muniendi
564 1369 663 1398 non
684 1349 869 1409 fuerat,
897 1352 1187 1400 manserunt.
1219 1351 1310 1399 Pro
1334 1352 1577 1399 concione

286 1417 484 1485 postero
520 1419 596 1466 die
632 1419 844 1477 laudati,
886 1420 1149 1485 donatique
1192 1439 1219 1468 a
1255 1417 1316 1468 C.
1364 1417 1576 1485 Calpur·

285 1488 370 1535 nio
401 1487 587 1552 equites
634 1502 653 1553 5
697 1488 904 1552 phaleris
937 1507 948 1535 ε
983 1489 1447 1554 pronuntiavitque,
1482 1504 1578 1536 eo-

286 1573 394 1604 rum
425 1555 635 1603 maxime
674 1572 825 1621 opera
863 1556 1022 1605 hostes
1054 1555 1181 1604 fusos
1203 1594 1218 1616 ,
1256 1556 1402 1604 castra
1436 1570 1577 1621 capta

291 1624 346 1673 &
365 1640 640 1702 expugnata
669 1622 780 1671 effe.
804 1621 1038 1687 Quintius
1075 1624 1194 1673 alter
1223 1640 1402 1689 praetor
1421 1624 1450 1672 6
1469 1624 1578 1672 suos

289 1695 478 1758 equites
510 1708 540 1754 7
575 1691 757 1740 catellis
789 1710 842 1738 ac
867 1691 1025 1741 fibulis
1056 1692 1298 1741 donavit·
1287 1729 1302 1748 ‚
1334 1692 1500 1740 donati
1525 1692 1579 1741 &

290 1763 601 1809 centuriones
644 1777 704 1808 ex
751 1761 989 1827 utriusque
1039 1763 1251 1809 exercitu
1296 1761 1523 1828 permulti
1561 1777 1580 1821 ;

291 1829 502 1877 maxime
534 1831 613 1894 qui
643 1827 854 1876 mediam
889 1831 1043 1878 aciem
1072 1843 1348 1878 tenuerunt.

131 1914 209 1956 Res
238 1910 278 1951 in
363 1895 580 1945 XXXII
617 1895 798 1945 Coniul
804 1913 853 1945 es
904 1897 1169 1947 deleffibus
1210 1897 1436 1964 aliisque,
1470 1913 1579 1962 quae

85 1975 247 2031 Liguria
295 1964 469 2014 Romae
502 1965 702 2032 agendae
737 1981 873 2013 erant
894 2006 907 2025 .,
930 1965 1130 2033 peraffis
1156 1967 1297 2015 rebus
1315 2005 1329 2026 ‚
1365 1967 1414 2013 in
1438 1965 1583 2032 Ligu*

85 2040 211 2094 geJZx.
298 2051 372 2082 res
403 2035 706 2100 provinciam
749 2038 1014 2083 exercitum
1053 2036 1307 2084 duxerunt.
1342 2033 1584 2100 Sempro-

294 2105 402 2152 nius
429 2122 456 2152 a
486 2101 596 2151 Pifis
625 2101 867 2168 profe5hls
899 2107 948 2153 in
969 2103 1204 2169 Apuanos
1239 2104 1582 2170 LigureS,va-

357 2237 386 2275 4
406 2225 606 2278 Cruentae]
639 2223 820 2264 Maxim&
846 2223 910 2263 fe·
977 2235 1025 2273 15
1050 2251 1060 2270 ,
1090 2222 1139 2261 ad
1167 2236 1204 2263 c.
1238 2220 1294 2271 46
1314 2253 1325 2271 ‚
1356 2221 1384 2260 1.
1416 2231 1459 2272 9.

294 2299 439 2328 cerunt
455 2287 629 2341 speciem
652 2296 831 2326 cruentae
851 2285 906 2325 vi·
1033 2284 1058 2324 6
1097 2283 1198 2324 Suos
1252 2283 1397 2336 equites
1436 2283 1450 2332 j
1496 2280 1579 2322 Eos

294 2348 463 2396 &oriae‚
505 2348 673 2388 maxime
714 2348 754 2386 in
791 2348 908 2388 causa
972 2346 1129 2400 equites
1158 2373 1170 2393 ,
1221 2359 1321 2399 quos
1363 2345 1404 2383 in
1449 2357 1583 2399 pugna

294 2412 460 2452 fuerunt
475 2425 545 2450 cur
558 2410 721 2450 νὶξὶοτίει
741 2421 907 2450 cruenta
973 2409 1073 2448 circa
1089 2408 1128 2447 se
1142 2409 1352 2448 habuerat.
1371 2405 1473 2448 Vid.
1490 2415 1580 2446 not.

295 2471 906 2527 judicareturAEteniminsignes
977 2482 992 2510 Ι
1019 2499 1029 2518 ,
1056 2470 1185 2522 supra.

295 2535 374 2575 viri
396 2534 515 2574 amiffi
534 2533 660 2585 maius
688 2533 776 2574 sunt
792 2536 907 2588 quum
1033 2545 1058 2577 7
1084 2530 1285 2583 catellis]
1319 2529 1358 2569 id
1390 2527 1472 2576 est,
1512 2541 1582 2567 ca-

296 2611 372 2652 pro
396 2611 564 2636 numero
585 2597 784 2637 damnum.
857 2646 859 2648 q
971 2595 1120 2634 tenulis
1156 2622 1167 2641 ,
1206 2608 1293 2648 quae
1335 2590 1461 2632 efi'ent
1505 2605 1582 2644 pro

359 2670 383 2710 5
424 2657 640 2714 Phaleris]
678 2659 778 2705 Vid.
817 2666 907 2701 not.
971 2656 1203 2711 quibusdam
1220 2652 1325 2712 quali
1352 2651 1582 2710 torquibus.
