1670 3068
349 98 702 154 LIBER
803 95 1068 153 XLII.
1216 115 1327 177 295

65 195 169 228 cum
206 178 517 245 quadraginta
538 176 956 242 quinqueremibus
987 177 1046 224 ab
1080 177 1195 226 urbe
1223 198 1332 243 pro·
1347 174 1540 238 U&353ss-

63 246 241 298 fectus:
277 264 387 294 nam
422 262 480 294 ex
510 244 697 294 refestis
726 245 926 292 navibus
962 246 1072 292 alias
1104 247 1151 292 in
1186 230 1542 294 aliqussWI*

65 314 193 363 usum
232 315 424 362 retineri
460 312 520 360 ad
560 315 729 361 urbem
768 313 963 377 placuit.
1014 311 1269 361 Praemissus
1305 333 1332 362 a

65 395 266 448 praetore
287 380 353 429 est
372 379 515 429 frater
541 380 612 428 M.
637 379 884 428 Lucretius
905 418 920 438 ,
960 397 1068 427 cum
1097 384 1334 446 quinque-

63 465 192 500 reme
225 467 348 497 una:
388 446 621 514 jussusque
661 449 720 496 ab
758 447 892 496 sociis
927 464 986 496 ex
1024 446 1211 497 foedere
1245 467 1333 496 ac-

62 519 211 582 ceptis
247 517 448 565 navibus
487 516 546 563 ad
578 513 946 581 Cephalleniam
996 514 1121 563 claffi
1160 534 1335 564 occur-

60 599 179 635 rere.
213 586 293 632 Ab
327 584 558 650 Rheginis
578 585 759 632 triremi
788 585 879 631 una
900 621 914 643 ,
948 584 1006 630 ab
1025 583 1190 632 Locris
1214 584 1334 632 dua-

58 652 178 711 bus,
211 653 269 700 ab
298 651 513 700 Uritibus
547 667 751 716 quatuor
773 689 787 711 ‚
823 668 996 715 praeter
1027 670 1162 700 oram
1186 652 1335 700 ltaliae

43 718 361 785 ¹superveEtus
423 717 660 768 Calabriae
713 735 984 767 extremum
1038 735 1337 784 promonto-

62 788 180 835 rium
207 789 253 835 in
292 786 431 836 Ionio
455 788 607 845 mari,
637 786 995 851 Dyrrhachium
1039 786 1225 850 trajicit.
1264 788 1346 836 lb}

34 855 229 904 ‘decem
266 855 478 921 ipsorum
529 853 983 920 Dyrrhachinorum
1009 891 1022 912 ‚
1070 855 1335 905 duodecim

57 920 295 971 Iffaeorum
319 962 332 983 ‚
374 924 716 989 quinquaginta
760 936 965 988 quatuor
1001 920 1171 972 Gentii
1208 925 1336 991 regis

59 989 246 1039 lembos
285 989 448 1039 naGtus
480 1028 493 1050 ‚
547 989 768 1038 simulans
821 989 867 1038 se
912 990 1108 1040 credere
1159 1008 1244 1040 eos
1285 995 1333 1040 in

58 1057 190 1107 usum
226 1057 565 1107 Romanorum
600 1072 907 1123 comparatos
944 1056 1036 1106 esse
1061 1097 1074 1119 ‚
1107 1058 1333 1109 omnibus

57 1125 298 1185 abdtiffls,
334 1127 412 1175 die
445 1128 588 1174 tertio
630 1125 907 1192 Corcyram
928 1163 944 1183 ,
973 1127 1084 1175 inde
1117 1130 1334 1193 protinus

49 1195 106 1242 in
143 1193 511 1260 Cephalleniam
548 1193 738 1258 trajicit.
783 1192 843 1243 C.
869 1194 1116 1243 Lucretius
1155 1212 1338 1262 praetor

58 1261 116 1310 ab
160 1261 370 1326 Neapoli
410 1260 652 1327 proferans
687 1300 704 1320 ‚
751 1261 973 1328 superato
1015 1261 1142 1313 freto
1186 1302 1199 1321 ,
1256 1265 1336 1314 die

57 1331 223 1394 quinto
268 1332 317 1378 in
372 1328 740 1395 Cephalleniam
785 1328 1048 1379 transmisit.
1093 1331 1162 1379 lbi
1206 1330 1332 1381 stetit

55 1396 204 1445 claffis
234 1415 245 1444 :
287 1398 422 1447 fimul
472 1400 730 1463 opperiens
754 1435 768 1458 ,
803 1414 854 1446 ut
889 1396 1130 1447 terrestres
1177 1401 1332 1464 cop-ire

55 1463 386 1529 trajicerentur
405 1502 418 1524 ,
452 1464 588 1514 simul
614 1481 665 1514 ut
696 1468 923 1514 onerariae
943 1483 1001 1515 ex
1030 1470 1219 1533 agmine
1245 1467 1330 1517 suo

55 1549 141 1600 per
164 1534 310 1582 altum
331 1531 557 1598 diffipatae
576 1530 997 1598 consequerentur.

123 1599 298 1651 XLIX.
326 1600 415 1650 Per
435 1602 524 1650 hos
555 1601 681 1651 forte
700 1601 801 1650 dies
824 1600 875 1649 P.
895 1601 1101 1650 Licinius
1128 1603 1326 1662 consul,
1358 1594 1539 1636 Licinii-15

53 1671 180 1717 voris
223 1671 269 1717 in
305 1667 553 1736 Capitolio
598 1670 882 1735 nuncupatis
911 1707 925 1729 ‚
971 1669 1219 1736 paludatus
1266 1671 1323 1718 ab
1340 1656 1535 1740 §Os-,RQ

54 1737 168 1786 urbe
195 1736 435 1804 profectus
467 1737 549 1786 est.
585 1737 791 1804 Semper
811 1738 1005 1804 quidem
1033 1756 1088 1786 ea
1117 1755 1189 1787 res
1215 1716 1528 1787 cmnjlxzscxcxr

53 1821 226 1872 magna
261 1806 490 1872 dignitate
521 1823 575 1853 ac
607 1804 854 1866 majestate
888 1808 1064 1871 geritur
1099 1823 1109 1854 :
1151 1809 1323 1872 praeci-

35 1873 145 1938 'pue
177 1888 339 1922 tamen
358 1875 600 1923 convertit
632 1875 800 1922 oculos
824 1873 1104 1939 animosque
1123 1911 1138 1934 ,
1177 1893 1326 1941 quum

52 1940 113 1988 ad
146 1958 375 2008 magnum
407 1940 720 2005 nobilemque
763 1957 842 1990 aut
884 1945 1063 1990 virtute
1103 1958 1182 1990 aut
1219 1942 1326 1991 for—

53 2008 167 2057 tuna
194 2009 379 2059 hostem
400 2047 413 2069 ‚
448 2025 646 2059 euntem
670 2009 914 2059 consulem
953 2010 1324 2076 prosequuntur.

59 2073 311 2126 Contrahit
337 2080 467 2126 enim
503 2094 602 2126 non
637 2077 666 2126 8
691 2076 837 2127 officii
876 2078 1028 2126 modo
1064 2095 1172 2127 cura
1195 2117 1208 2139 ‚
1240 2078 1323 2128 sed

57 2146 200 2193 etiam
249 2146 452 2194 studium
489 2145 737 2210 spefiaculi
761 2184 775 2205 ‚
815 2159 867 2194 ut
901 2146 1101 2194 videant
1146 2147 1324 2196 ducem

51 2210 183 2260 suurn
203 2250 216 2271 ‚
241 2212 372 2277 cujus
391 2214 595 2278 imperio
622 2213 918 2281 consilioque
948 2213 1181 2263 summam
1202 2233 1326 2264 rem-

51 2279 294 2345 publicam
322 2282 553 2330 tuendam
599 2280 931 2347 permiserunt.
969 2281 1107 2331 Subit
1145 2283 1325 2333 deiude

52 2349 282 2414 cogitatio
315 2350 527 2397 animum
548 2388 564 2407 ,
600 2351 682 2416 qui
713 2349 827 2400 belli
860 2349 989 2400 casus
1011 2388 1024 2410 ‚
1062 2349 1206 2415 quam
1247 2352 1323 2399 in-

51 2431 206 2464 certus
243 2415 447 2466 fortunae
483 2433 685 2468 eventus
716 2455 731 2479 ,
781 2417 1142 2484 communisque
1188 2417 1323 2467 Mars

1339 1795 1377 1818 211
1397 1781 1468 1819 13:141
1476 1797 1490 1817 ί
1499 1796 1536 1820 ‘J-

1340 1843 1514 1883 doniam.

113 2509 141 2551 8
174 2509 348 2565 Officii]
385 2510 533 2552 Privati
563 2524 574 2550 :
611 2522 653 2552 ut
717 2512 842 2558 ciria,
879 2523 946 2553 aut
988 2513 1208 2566 cognatio,
1253 2524 1325 2553 aut

5 2625 7 2628 .
54 2571 198 2624 cuique
228 2587 314 2612 cum
350 2586 400 2612 eo
434 2574 498 2626 qui
528 2573 654 2627 profi-
715 2575 789 2615 alia
807 2575 936 2629 aliqua
957 2574 1200 2616 necessitudo
1219 2575 1292 2616 est>

54 2632 207 2674 ciscitur
240 2634 422 2688 privatim
454 2648 521 2675 aut
555 2636 653 2675 arni·

919 2692 966 2742 N
1004 2695 1056 2743 iv
