1670 3068
334 93 692 149 LIBER
796 93 1097 153 XLIV.
1235 115 1357 174 417

76 170 222 222 sulem
247 172 535 222 credebant:
563 188 722 238 neque
749 175 879 220 enim
900 211 913 233 ,
947 191 1007 222 ne
1029 175 1098 222 his
1121 176 1321 241 quidem
1342 215 1355 238 ‚
1375 191 1566 245 [lc-584·

32 278 36 283 .
67 239 428 291 Δευηξὶεῑτίοηεῐῖι
455 256 703 307 aperuerat
735 239 863 289 suam
893 258 903 288 :
938 256 1050 290 tunc
1082 246 1353 295 mutatione
1373 248 1560 291 ‹QG-168.

75 306 256 357 consilii
289 308 442 357 subit&
461 346 475 368 ‚
500 325 648 374 quum
678 309 755 358 alii
786 307 974 359 filerent
992 347 1006 368 ‚
1036 308 1205 359 Nasica
1232 331 1353 361 unus

21 426 25 431 ,
75 391 135 424 ex
169 378 392 426 omnibus
432 377 565 424 ausus
607 375 673 425 est
721 394 923 427 monere
956 376 1240 436 consulem,
1276 383 1351 428 Ne
1408 389 1562 444 Naficae

76 444 234 509 hostem
271 444 555 508 ludificatum
592 445 763 510 priores
810 448 1091 511 imperatores
1126 445 1348 513 fugiendo
1365 452 1491 491 collo·

75 526 288 559 certamen
306 551 323 571 ,
344 513 554 560 manibus
570 514 790 562 emitteret.
817 516 961 563 Vereri
976 533 1031 562 ne
1043 518 1165 562 nofle
1182 515 1313 562 abeat
1328 554 1345 574 ,
1364 512 1490 565 quium

19 625 39 636 „
60 576 314 642 sequendus
358 581 558 628 maximo
599 579 747 627 labore
790 600 845 628 ac
871 583 1071 646 periculo
1103 584 1151 630 in
1182 584 1344 631 intima
1394 589 1476 614 (ΠΜ

70 648 357 696 Macedoniae
373 667 395 707 ;
425 645 724 712 exercitusque
756 684 772 705 ,
803 650 926 711 ficut
950 642 1177 714 prioribus
1217 652 1347 699 duci-
1365 632 1532 679 Paullo,

69 714 153 761 bus
166 753 183 773 ,
209 734 292 781 per
303 716 444 764 calles
455 713 688 780 saltusque
707 717 1109 764 Macedonicorum
1129 721 1347 767 montium

67 786 278 849 vagando
325 785 667 849 circumagatur.
714 785 772 831 Se
824 801 1084 850 magnopere
1112 784 1300 847 ficadere
1327 824 1346 846 ,

69 851 174 898 dum
208 853 258 900 in
291 869 449 918 campo
478 852 657 917 patenti
691 852 850 917 lzostem
872 852 1067 910 habeat,
1108 856 1346 919 aggredia-

70 932 178 977 tur,
225 937 304 967 nec
339 920 539 967 oblatam
573 920 847 983 occafiorzem
891 920 1105 968 vincendi
1146 923 1347 972 amittat.

66 983 251 1035 Consul
285 988 403 1036 nihil
437 985 647 1036 offensus
691 985 840 1036 liber&
876 987 1211 1037 admonitione
1245 1005 1347 1038 tam

65 1053 179 1102 clari
220 1054 537 1104 adolescentis
567 1092 581 1115 ‚
626 1057 691 1104 Et
728 1073 844 1122 eg0‚
886 1058 1041 1122 inquit
1078 1093 1093 1114 ,
1141 1059 1346 1106 animum

24 1172 27 1175 ,
67 1123 195 1187 istum
213 1124 382 1182 habui,
411 1124 586 1188 Nasica
605 1161 622 1181 ‚
657 1142 783 1188 quem
815 1138 864 1171 tu.
900 1142 1020 1171 nunc
1038 1125 1173 1171 hahes
1202 1144 1216 1173 :
1254 1125 1298 1173 δ’
1324 1163 1345 1185 ‚

66 1208 193 1254 quem
230 1209 305 1258 ego
343 1210 462 1239 nunc
497 1192 672 1249 haheo,
713 1206 761 1238 tu
799 1192 998 1239 habebis.
1035 1193 1211 1239 ,Multis
1231 1193 1341 1241 belli

65 1259 240 1321 cafibus
255 1261 429 1318 didici,
452 1260 633 1324 quande
647 1260 976 1325 pugnandum,
998 1262 1182 1324 quando
1205 1262 1338 1323 abfli-

65 1329 256 1375 nendum
283 1329 443 1394 pugnci
464 1328 541 1390 fit.
579 1342 612 1388 7
644 1328 756 1375 Non
787 1344 924 1392 operae
951 1328 1015 1391 fit
1039 1329 1184 1394 stanti
1219 1321 1342 1376 nunc

66 1395 114 1441 in
136 1396 233 1442 acie
262 1398 443 1453 docere,
477 1396 640 1460 quibus
661 1397 713 1442 de
746 1395 893 1458 caufis
913 1396 1044 1443 hodie
1072 1396 1173 1460 quie
1205 1399 1232 1442 'e
1260 1415 1342 1444 me-

67 1462 159 1510 lius
172 1464 236 1526 fit
252 1482 273 1523 ,·
308 1465 504 1511 rationes
522 1463 646 1510 alias
666 1464 876 1528 reposcito
896 1481 908 1510 .·
938 1481 1059 1510 nunc
1077 1465 1342 1511 auetoritate

66 1533 226 1579 veteris
252 1533 530 1598 imperatoris
558 1544 791 1578 contentus
814 1533 913 1578 eris.
936 1529 1188 1579 Conticuit
1216 1531 1342 1580 ado-

66 1597 280 1648 lescens:
316 1601 470 1647 Haud
494 1599 625 1646 dubie
651 1600 796 1646 videre
834 1599 994 1663 aliqua
1026 1601 1345 1663 impedimenta

59 1684 227 1733 pugnat
256 1665 475 1729 confidem
493 1704 509 1724 ,
539 1683 634 1730 quae
658 1667 751 1730 fibi
782 1685 874 1713 non
899 1682 1174 1732 apparerent.

131 1733 396 1783 XXXVII.
433 1733 622 1782 Paullus
645 1770 659 1791 ‚
696 1731 947 1800 postquam
980 1750 1156 1784 metata
1193 1733 1340 1784 castra

63 1801 508 1868 impedimentaque
561 1801 798 1851 collocata
843 1801 1185 1851 animadvertit
1215 1840 1230 1863 ,
1279 1820 1342 1852 ex

61 1869 303 1935 postrema
332 1873 434 1919 acie
464 1868 678 1918 Triarios
711 1871 894 1935 primos
919 1869 1172 1930 subducit3
1206 1871 1343 1919 dein-

63 1938 123 1987 de
147 1937 392 2005 Principes
421 1977 435 1999 ,
472 1937 700 1987 stantibus
721 1940 771 1986 in
795 1941 950 2004 prima
979 1941 1080 1987 acie
1103 1937 1343 1999 Hastatis‚

63 2005 98 2054 fi
120 2007 233 2073 quid
253 2005 398 2055 hostis
427 2020 652 2055 moveret
674 2023 688 2065 3
723 2005 970 2070 postremo
993 2005 1220 2056 Hastatos
1236 2044 1251 2067 ‚
1278 2007 1343 2055 ab

60 2074 234 2124 dextro
268 2076 479 2142 primum
510 2092 660 2123 cornu
698 2072 992 2142 singulorum
1023 2075 1253 2140 paulatim
1281 2074 1340 2123 fi·-

62 2159 270 2208 gnorum
301 2143 476 2192 milites
500 2141 795 2191 subtrahens.
834 2142 904 2191 Ita
941 2144 1169 2209 pedite3‚
1205 2145 1340 2209 equi·

58 2212 185 2260 tibus
213 2227 324 2261 cum
356 2212 455 2260 levi
482 2224 719 2259 armatura
749 2225 860 2261 ante
903 2212 1058 2260 aciem
1094 2209 1215 2260 hosti
1246 2230 1338 2277 op-

60 2278 223 2345 pofitis
245 2317 259 2339 ‚
293 2278 391 2328 sme
415 2279 620 2327 tumultu
646 2277 869 2333 abduffl:
905 2296 996 2328 nec
1023 2278 1133 2328 ante
1155 2316 1170 2339 ‚
1193 2279 1340 2344 quam

62 2350 215 2413 prima
246 2346 378 2396 frons
407 2347 598 2395 valliae
622 2344 738 2395 fossa
767 2345 992 2412 perdu&a
1014 2345 1082 2396 est
1105 2385 1119 2407 ‚
1156 2363 1216 2396 ex
1245 2346 1341 2396 sta-

59 2417 194 2465 tione
229 2418 414 2481 equites
435 2417 650 2463 revocati
670 2414 793 2464 sunt.
829 2414 937 2465 Rex
971 2432 1167 2482 quoque
1190 2431 1341 2482 quum

54 2483 151 2532 fine
177 2482 521 2533 detreehitione
542 2497 734 2547 paratus
772 2500 993 2548 pugnare
1021 2500 1083 2534 eo
1116 2483 1196 2532 die
1228 2482 1340 2532 fuis-

57 2551 124 2601 set
144 2589 159 2613 ‚
189 2567 443 2601 contentus
477 2551 608 2617 quod
640 2568 725 2617 per
754 2549 942 2600 hostem
979 2568 1171 2601 moram
1203 2549 1343 2600 fuisse

118 2648 143 2688 7
176 2634 271 2676 Non
300 2648 423 2691 opem
448 2630 533 2689 fit}
560 2635 663 2681 Vid.
695 2646 785 2677 aot.
819 2647 865 2677 ιι
893 2662 904 2684 ,
940 2635 1054 2742 a‘lSl.
1092 2635 1140 2685 1,
1162 2650 1202 2678 ς,
1235 2647 1313 2686 24.

1042 2711 1078 2744 ³?
