1670 3068
368 112 725 168 Llssnn
821 111 1025 170 XLI.
1198 135 1313 194 227

34 191 304 244 senaculum
326 227 341 251 ‚
372 209 425 239 ac
449 189 587 256 super
609 191 658 239 id
686 191 879 239 curiam.
925 190 985 240 Et
1020 205 1152 242 extra
1189 214 1360 263 por-U
1381 235 1401 264 ς
1425 226 1502 273 573

33 276 131 311 tam
159 259 490 326 Trigeminam
524 261 799 325 emporium
834 260 996 324 lapide
1017 259 1279 312 straverunt
1298 256 1518 331 ‚abst->42

31 327 351 395 stipitibusque
389 325 667 392 sepserunt:
699 327 750 375 &
789 331 1031 392 porticum
1068 329 1310 382 AEmiliam

31 394 341 445 reficiendam
380 409 638 443 curarunt:
679 395 996 461 gradibusque
1033 397 1310 448 adscensum

31 464 90 512 ab
111 462 278 512 Tiberi
298 465 344 510 in
370 465 643 528 emporium
661 462 894 513 fecerunt.
941 461 1000 512 Et
1023 479 1154 513 extra
1179 483 1313 515 eam-

33 531 140 580 dem
168 545 356 596 portam
382 533 430 578 in
462 532 759 579 Aventinum
783 534 1020 597 porticum
1047 532 1174 582 silice
1195 534 1311 583 stra-

29 614 226 658 verunt,
259 614 277 663 5
310 600 356 647 &
391 616 451 647 eo
487 600 683 663 publico
713 600 770 646 ab
805 601 908 648 aede
945 600 1147 649 Veneris
1178 601 1311 652 fece·

29 681 151 715 runt.
188 665 337 714 Iidem
360 665 558 715 Calatiae
589 667 640 714 &
673 665 843 715 Oximi
872 685 1034 716 muros
1056 669 1308 720 faciendos

28 733 341 783 locaverunt:
370 734 668 799 venditisque
695 735 758 782 ibi
791 736 994 800 publicis
1029 737 1148 784 locis
1168 775 1182 796 ‚
1217 755 1310 802 pe-

29 804 213 850 cuniam
236 819 341 867 quae
363 802 551 851 redaRa
574 818 674 851 erat
698 839 710 861 ‚
750 804 958 852 tabernis
980 806 1171 869 utrique
1195 805 1308 855 foro

27 870 371 918 circumdandis
417 869 820 935 consumpserunt.
883 870 942 918 Et
992 873 1112 920 alter
1156 889 1215 921 ex
1253 875 1310 923 iis

25 936 214 986 Fulvius
239 937 434 986 Flaccus
466 937 487 1005 (
509 957 618 986 nam
639 936 902 986 Postumius
932 939 1046 986 nihil
1068 940 1150 987 nisi
1171 940 1310 990 sena-

25 1004 97 1055 tfis
122 1005 334 1054 Romani
371 1009 604 1073 populive
638 1004 754 1070 juffu
784 1006 829 1055 se
866 1008 1131 1056 locaturum
1168 1009 1303 1075 ipso-

25 1090 126 1122 rum
166 1076 367 1140 pecunia
404 1074 638 1141 [dicebat
655 1073 675 1140 ]
694 1073 882 1141 ).Jovis
906 1076 1060 1123 aedem
1091 1072 1260 1126 Pisauri
1278 1114 1299 1137 ,

28 1142 79 1191 &
99 1141 274 1190 Fundis
297 1181 311 1202 ‚
346 1143 375 1192 6
403 1146 452 1190 ὅ(
474 1142 721 1191 Pollentiae
739 1180 752 1201 ,
780 1146 927 1191 etiam
948 1161 1120 1209 aquam
1141 1146 1302 1194 addu-

25 1209 256 1269 cendam,
290 1210 458 1259 Pisauri
498 1217 625 1258 viam
653 1210 776 1259 filice
806 1209 1110 1259 sternendam
1134 1250 1148 1270 ‚
1180 1229 1211 1275 7
1244 1214 1298 1262 &

23 1276 279 1327 Sinuessam
303 1297 389 1345 aga
408 1280 431 1302 '⁶
455 1280 639 1327 aviariae
663 1295 673 1326 z
704 1281 750 1326 in
775 1279 844 1327 his
866 1280 917 1326 ὃ(
940 1280 1016 1327 clo
1045 1281 1065 1303 *
1088 1298 1168 1328 um
1199 1283 1298 1329 cir-

24 1345 322 1412 cumducend
344 1347 367 1370 ⁴*
398 1347 449 1396 &
481 1346 644 1394 forum
687 1348 949 1412 porticibus
991 1348 1295 1415 tabernisque

22 1414 341 1463 claudendum
358 1452 373 1474 ‚
401 1415 451 1463 δε
473 1415 500 1463 8
525 1414 670 1463 Janos
692 1430 786 1463 tres
805 1413 1073 1463 faciendos.
1091 1415 1209 1465 Haee
1235 1417 1297 1466 ab

21 1499 118 1531 uno
152 1483 349 1532 censore
380 1499 530 1549 opera
560 1484 753 1543 locata,
783 1500 893 1530 cum
936 1501 1107 1550 magna
1145 1486 1297 1550 gratia

18 1606 109 1662 pide
128 1606 235 1647 filice
254 1607 476 1649 sternenda.
494 1606 621 1648 Porro

14 1665 236 1723 senaculum
254 1698 263 1717 ,
283 1668 590 1722 siveJenaeulum
607 1700 620 1719 ,

16 1731 94 1771 hoc
107 1730 211 1771 enim
227 1745 385 1785 quoque
399 1731 518 1771 modo
533 1731 621 1769 scri-

19 1791 125 1832 bitur
142 1819 153 1838 ,
174 1792 227 1832 est
246 1821 256 1839 ,
278 1791 374 1832 teste
395 1792 509 1832 festo
527 1821 539 1836 ‚
564 1794 619 1832 lo—

20 1866 88 1893 cus
119 1853 162 1893 in
196 1867 277 1908 quo
300 1851 460 1907 senatus
491 1853 623 1893 haberi

19 1912 118 1955 solet
137 1943 148 1961 ,
181 1914 258 1955 fiee
287 1915 419 1968 poids
440 1947 450 1965 ‚
488 1916 526 1954 in
547 1929 619 1968 quo

12 1971 195 2029 solebant
212 1977 452 2031 magistratus
483 1978 619 2015 dunta-

19 2049 89 2077 xat
119 2052 200 2077 cum
227 2037 443 2089 senioribus
478 2038 621 2077 delibe-

18 2111 117 2138 rare.
139 2098 259 2139 Curia
278 2099 327 2139 de
349 2114 422 2153 qua
454 2100 514 2139 hic
532 2102 620 2154 agi-

18 2169 84 2199 tur
102 2186 125 2206 -,
165 2160 320 2200 videtur
366 2161 474 2200 fuisse
513 2162 619 2200 curia

21 2219 189 2260 Kalabm
209 2248 219 2268 ,
251 2222 298 2261 de
321 2236 395 2275 qua
426 2223 503 2261 vid.
531 2222 620 2262 Ma·

22 2283 134 2321 crob.
168 2282 300 2322 Satur.
331 2284 357 2322 l.
393 2284 440 2330 l,
470 2298 506 2323 c.
533 2296 598 2326 ις.

89 2355 105 2392 5
134 2342 185 2382 Et
219 2358 262 2383 eo
284 2344 440 2398 publico
470 2345 515 2384 ab
543 2346 621 2384 aede

24 2401 219 2456 Veneris]
253 2405 476 2458 Suspicatur
508 2405 622 2446 Gro-

19 2466 163 2505 novius
188 2466 429 2519 &basilicam
447 2468 497 2506 ad
509 2469 623 2508 cedem

26 2524 203 2568 Veneris.

85 2588 110 2626 6
139 2587 197 2627 Et
229 2587 442 2629 Pollentiae
460 2617 470 2636 ‚
509 2590 624 2629 etiam

25 2659 160 2701 aquam
192 2651 452 2692 adchzcendam
480 2651 502 2705 J
544 2653 627 2694 Vel

686 1608 777 1662 lege
811 1607 847 1647 δ’
875 1605 1119 1647 Pollentiam
1157 1624 1297 1663 aquam

686 1670 949 1708 adducendam
978 1684 990 1708 .·
1018 1672 1083 1709 vel
1116 1671 1153 1709 in
1190 1685 1295 1711 voce

686 1731 801 1769 etiam
832 1731 970 1769 latebit
990 1745 1139 1770 nornen
1171 1733 1296 1772 alicu-

684 1791 746 1845 jus
767 1791 934 1832 alterius
962 1793 1069 1832 urbis
1085 1821 1095 1837 ,
1118 1793 1157 1832 in
1176 1808 1294 1846 quarn

687 1854 849 1893 Fulvius
889 1868 1029 1907 aquam
1068 1855 1294 1895 ducendam

685 1915 895 1955 locaverit.

746 1989 770 2027 7
791 1976 846 2015 Et
876 1975 1119 2030 Sinueffaml
1145 1976 1294 2018 Emen-

685 2037 750 2077 dat
774 2038 995 2078 Marcellus
1016 2039 1203 2078 Donatus
1219 2067 1231 2086 ‚
1255 2040 1294 2079 ‹S’

685 2099 868 2152 Sinueſjle
901 2100 1038 2154 glareci
1070 2113 1082 2139 .·
1118 2100 1256 2153 supple
1279 2128 1293 2148 ,

684 2161 785 2200 viam
832 2161 1094 2200 sternendam.
1153 2162 1196 2201 ln
1243 2162 1294 2202 iis

684 2238 772 2276 quae
816 2222 1033 2275 sequuntur
1074 2224 1293 2277 legendum

642 2280 644 2282 ’
683 2296 798 2337 putat
844 2284 1060 2337 Sigonius,
1110 2285 1145 2323 G·
1183 2285 1293 2323 elea»

685 2360 768 2384 cam
803 2345 842 2384 in
874 2345 1041 2399 fluvium
1078 2345 1290 2384 circumdu-

686 2408 861 2446 cendam.

751 2468 775 2506 8
804 2466 928 2508 Ianos
959 2467 1074 2519 tres]
1111 2465 1162 2506 Hi
1200 2466 1297 2508 Jani

686 2541 800 2570 erant
836 2529 1086 2570 transitiones
1125 2530 1296 2580 perviae.

687 2591 789 2632 vid.
807 2603 896 2631 not.
919 2602 966 2642 5,
983 2591 1069 2628 adl.
1087 2590 1202 2639 mc,
1218 2602 1272 2643 49
1288 2618 1303 2633 ,

895 2708 943 2757 K
976 2705 1029 2773 Y}
