1670 3068
363 95 408 154 L
455 108 477 153 1
523 112 558 154 B
605 110 640 154 E
683 113 722 155 R
802 98 952 156 XL.
1217 122 1287 181 93

16 177 147 246 ‘apud
181 168 513 226 Macedonum
539 178 896 228 multitudinem
924 179 1136 230 crescere
1168 220 1184 241 ,
1240 187 1292 233 &
1312 207 1502 256 U.‹·.5=·o;

23 249 218 312 gratiam
239 246 366 312 apud
392 245 643 294 Romanos
663 264 676 305 3
698 246 780 295 fibi
803 247 933 312 spem
960 249 1137 297 nullam
1161 255 1294 317 regni
1313 263 1500 307 a.<,ss.182.

20 312 285 380 supereffe,
323 312 406 361 nis1
440 315 487 361 in
523 313 702 363 scelere
725 352 738 373 ,
771 322 896 362 'ratus
918 351 931 373 ,
970 316 1029 364 ad
1062 316 1111 364 id
1146 336 1298 367 unum

23 399 193 430 omnes
225 383 542 447 cogitationes
573 383 811 440 intendit3
838 386 1049 432 ceterum
1078 403 1223 451 quum
1252 386 1298 436 se

20 466 84 497 ne
123 449 181 497 ad
225 449 272 498 id
298 450 495 514 quidem
516 488 529 507 ‚
563 450 696 515 quod
725 466 753 515 9
785 451 1007 499 muliebri
1054 455 1302 520 cogitabat

21 518 181 564 animo
203 553 217 576 ‚
248 516 356 564 satis
388 535 473 583 per
503 518 548 565 se
569 519 784 565 validum
811 519 1060 580 crederet,
1093 520 1301 588 fingulos

21 585 288 632 amicorum
319 589 462 650 patris
506 599 690 633 tentare
719 585 1017 634 sermonibus
1058 590 1303 654 perplexis

23 650 202 700 institit.
228 651 287 700 Et
320 653 477 718 primb
513 652 706 716 quidam
732 669 789 700 ex
812 654 882 700 his
906 691 919 711 ,
948 654 1302 719 aspernantium

24 722 118 769 tale
150 721 399 785 quicquam
427 721 635 784 speciem
676 721 980 784 praebuerunt
1004 759 1019 779 ‚
1051 726 1157 788 quia
1196 725 1303 790 plus

22 788 71 834 in
94 785 352 835 Demetrio
384 785 483 852 spei
512 788 763 852 ponebant
785 805 799 847 3
825 788 997 837 deinde
1018 827 1032 849 ‚
1057 790 1302 842 crescente

24 855 72 902 in
108 855 208 902 dies
235 854 439 919 Philippi
468 855 583 902 odio
610 858 656 902 in
687 853 938 905 Romanos
958 894 971 916 ,
1002 859 1076 905 cui
1111 858 1304 910 Perseus

23 921 292 988 indulgeret
313 960 327 982 ‚
359 921 642 971 Demetrius
681 923 863 972 summa
898 942 994 990 ope
1027 926 1305 978 adversare-

22 1002 98 1038 tur
144 1005 159 1048 ;
215 991 560 1054 prospicientes
606 993 766 1040 animo
821 994 1001 1040 exitum
1050 998 1224 1045 incauti
1276 1015 1304 1046 a

24 1055 193 1106 fraude
231 1056 439 1105 fraterna
464 1058 683 1120 juvenis,
714 1060 1043 1123 adjuvandum
1072 1065 1204 1127 quod
1229 1063 1307 1113 fu-

24 1138 180 1172 turum
198 1142 297 1173 erat
318 1127 434 1185 rati,
452 1126 816 1194 fovendamque
838 1128 967 1194 spem
985 1133 1271 1194 potentioris
1286 1170 1303 1194 ‚

23 1190 194 1240 Perseo
218 1193 262 1241 se
300 1191 582 1260 adjungunt.
613 1211 628 1241 1
655 1193 832 1244 Cetera
863 1198 910 1244 in
943 1197 1071 1245 suum
1100 1216 1302 1265 quaeque

23 1273 212 1326 tempus
243 1263 427 1328 agenda
453 1260 676 1311 differunt
705 1282 714 1310 :
745 1266 792 1311 in
828 1264 1076 1328 praesentia
1109 1268 1301 1332 placet,

24 1330 157 1375 omni
190 1346 284 1394 ope
307 1331 354 1377 in
387 1328 637 1379 Romanos
667 1333 866 1380 accendi
901 1350 1094 1399 regem,
1120 1336 1302 1400 impel-

22 1394 148 1460 lique
180 1396 239 1444 ad
285 1397 475 1445 confilia
503 1400 647 1457 belli,
675 1400 734 1447 ad
770 1417 875 1466 quae
897 1399 992 1464 jam
1026 1402 1102 1449 sua
1125 1403 1296 1468 sponte

21 1465 232 1512 animum
269 1465 547 1514 inclinasset.
592 1466 782 1550 Simul3
824 1483 874 1517 ut
911 1468 1192 1519 Demetrius
1243 1474 1292 1520 in
1352 1481 1507 1522 Deme-2

21 1530 121 1578 dies
166 1531 418 1595 suspefflor
462 1534 575 1582 esset
600 1573 613 1592 ‚
646 1552 703 1582 ex
741 1536 1012 1602 composito
1045 1537 1288 1588 sermones
1309 1543 1474 1596 triasfie

23 1614 51 1646 2
83 1598 141 1645 ad
181 1598 473 1664 spretionem
515 1602 850 1651 Rornanorum
885 1606 1138 1654 trahebant
1175 1624 1189 1666 3
1223 1603 1515 1661 ibifitspeft'ute'

24 1683 169 1731 quum
206 1667 281 1715 alii
320 1686 480 1717 mores
521 1670 567 1718 ἃ
606 1669 816 1718 instituta
850 1688 1018 1720 eorum
1042 1710 1057 1734 ‚
1099 1675 1175 1722 alii
1217 1693 1294 1726 res

24 1731 174 1799 gestas
196 1773 210 1795 ,
244 1736 318 1782 alii
344 1735 547 1802 speciem
579 1737 717 1803 ipsius
753 1741 879 1787 urbis
901 1743 1120 1790 nondum
1143 1760 1296 1793 exor-

24 1816 181 1860 natae,
220 1820 378 1869 neque
418 1806 615 1870 publicis
648 1845 661 1866 ,
703 1824 859 1872 neque
901 1811 1095 1873 privatis
1129 1810 1250 1860 locis
1280 1850 1298 1873 ‚

25 1868 102 1916 alii
136 1869 339 1936 singulos
371 1874 637 1939 principum
673 1875 963 1936 eluderent3
1000 1876 1191 1942 juvenis
1222 1880 1297 1928 in-

23 1951 184 1985 cautus
213 1939 263 1986 &
297 1958 463 1989 amore
488 1944 691 1992 nominis
725 1943 962 2003 Romani,
988 1947 1040 1994 &
1065 1949 1297 1995 certami-

24 2021 83 2054 ne
111 2005 337 2056 adversus
360 2008 553 2058 fratrem
576 2048 589 2069 ‚
615 2013 778 2058 omnia
814 2014 997 2061 tuendo
1031 2012 1298 2079 suspectum

24 2071 71 2120 se
117 2076 269 2138 patri,
301 2075 350 2124 ὅ(
386 2094 717 2142 opportunum
760 2081 1034 2130 criminibus
1074 2081 1300 2134 faciebat.

22 2137 192 2206 Itaque
226 2158 470 2208 expertem
506 2163 617 2195 eum
646 2164 782 2213 pater
807 2152 1025 2198 omniurn
1056 2150 1117 2200 de
1152 2151 1294 2201 rebus

89 2265 115 2306 9
148 2255 408 2299 Muliebri....
442 2259 569 2299 animo
606 2260 622 2313 ]
690 2261 813 2301 sentia
843 2263 1087 2317 peragenda.

27 2314 146 2356 Molli
166 2349 176 2366 ‚
196 2320 334 2359 timido
351 2349 364 2364 ‚
384 2321 529 2375 ignavo
546 2323 610 2361 ani
754 2337 776 2362 2
801 2325 868 2362 Ad
884 2321 1124 2378 spretionem
1149 2326 1297 2367 Roma-

26 2391 91 2416 mo
109 2409 120 2429 ‚
145 2380 209 2430 qui
229 2394 308 2419 non
331 2382 426 2421 vera
447 2384 593 2423 virtute
613 2410 625 2430 ‚
690 2399 823 2424 norum
849 2385 866 2438 ]
930 2386 1089 2440 Spretio
1134 2402 1298 2441 perrara

26 2439 92 2478 sed
135 2443 304 2483 occultis
345 2443 447 2483 dolis
491 2444 626 2499 grass'a-
690 2461 769 2486 vox
789 2446 869 2492 est,
893 2461 1060 2500 quaeque
1086 2449 1191 2488 haud
1216 2450 1299 2490 for·

25 2511 153 2541 tetur.
690 2507 782 2547 taffe
801 2509 894 2548 alibi
915 2509 1030 2548 facile
1057 2511 1298 2562 reperiatur.

95 2573 110 2601 1
134 2564 296 2618 Cetera]
313 2563 462 2606 Praeter
476 2580 523 2606 ea
543 2581 629 2621 quae
694 2569 732 2608 Si
755 2582 798 2608 ea
828 2569 1049 2623 displicebit
1066 2598 1076 2618 ‚
1107 2572 1197 2627 lege
1231 2573 1300 2612 de·

27 2634 122 2666 mox
160 2637 430 2672 memorantur
462 2628 501 2669 in
531 2644 631 2684 prae·
686 2627 948 2686 spefflonem,
969 2642 1036 2675 aut
1050 2638 1301 2680 mentionem.
