1670 3068
343 104 695 159 LIBER
793 102 989 159 XLI
1224 123 1335 178 247

65 184 189 251 lippo
208 221 224 241 ‚
265 201 507 248 numquam
538 185 604 230 ad
625 181 904 246 firibendtun
945 184 1119 250 amiciti
1113 183 1157 229 ἰε
1211 205 1334 231 <esus
1358 196 1399 238 [J
1409 209 1441 238 ς
1452 197 1543 246 530

51 248 471 317 *adducipotuiffiw
451 289 469 310 ,
512 252 650 298 tribus
673 268 791 298 nunc
819 251 934 297 locis
954 268 1051 297 curt
1074 250 1331 315 Perseosoe-
1353 264 1386 293 ’1
1395 253 1440 292 L
1450 265 1541 303 172-

67 321 151 367 dus
173 317 360 382 incifitm
393 319 553 366 litteris
589 317 705 382 effe:
744 336 832 365 uno
871 318 1068 375 Thebis,
1098 318 1237 364 altero
1273 323 1336 366 al

62 386 230 435 Delum
263 387 490 452 augustiſj'
489 404 558 433 mo
582 388 626 434 δ’
646 386 913 433 celeberrimo
941 388 988 432 in
1018 385 1217 450 templo,
1249 400 1285 432 t
1277 405 1332 433 r·-

61 455 124 501 tio
160 454 376 520 Delphis.
420 454 475 502 In
500 454 605 501 Aclz
611 456 711 501 zico
732 454 926 501 concilio
949 454 1050 501 vero
1073 490 1090 510 ‚
1127 453 1219 516 nisi
1238 452 1330 516 a'is

59 516 178 582 cuffa
198 539 261 568 res
271 539 356 587 per
371 539 550 586 paucos
570 525 684 569 Rom
689 539 824 568 znum
846 522 1075 586 imperium
1101 522 1332 568 intentan-

61 602 124 636 tes
144 585 278 650 effit,
314 590 363 636 eo
394 607 477 636 rem
503 607 641 655 prope
673 591 942 646 adduam,
970 603 1021 636 ut
1038 590 1193 635 aditus
1212 589 1291 636 61
1277 608 1326 636 in

60 656 290 705 Achaiam
310 658 629 714 daretu1.At‚
662 656 995 718 lzercule‚Juos
1016 658 1231 713 honores,
1257 674 1330 703 cu-

49 720 150 797 J‘us
153 725 305 771 merita
324 726 371 771 in
400 743 494 771 earn
514 739 684 790 gentem
704 725 923 789 privatim
953 742 1013 770 an
1028 724 1211 788 public&
1233 725 1331 786 sint

58 788 227 856 maj0ra
248 793 335 839 vix
353 793 445 839 dici
471 810 538 857 po
542 790 652 856 ffet
676 810 723 858 p
714 793 844 838 zrtim
868 788 1052 853 desertos
1074 809 1158 856 per
1185 791 1331 839 incul-

59 871 150 906 tum
180 877 234 906 ac
271 878 415 926 reg
357 860 526 907 wenti
527 878 588 907 zm
619 861 844 924 ,partim
882 859 992 924 lzostz
986 859 1096 905 liter
1118 857 1237 921 fiibl
1240 873 1330 906 ztos

61 924 154 991 eff'e.
190 927 296 976 Iam
335 928 526 974 AEtolos
557 944 682 991 quern
719 928 918 992 ignorare
952 928 998 973 in
1023 924 1328 989 seditionibus

46 994 150 1058 suis
191 1012 308 1043 non·
299 997 375 1042 ·ab
409 997 672 1051 Romanis,
699 992 783 1057 sed
817 1012 847 1040 a
884 992 1040 1057 Perseo
1071 995 1326 1071 pzoefidium

51 1059 255 1128 petizſje.
252 1065 273 1097 Ρ
306 1065 406 1111 His
425 1081 520 1110 eum
538 1060 711 1127 Jultum
730 1062 1026 1127 societatibus
1059 1077 1192 1126 atque
1213 1064 1329 1110 ami-

54 1131 176 1177 citiis
203 1168 220 1188 ,
251 1148 324 1177 eos
355 1132 610 1196 domesticos
640 1143 892 1195 apparatus
925 1130 1030 1176 belli
1056 1130 1244 1188 lzabere,
1273 1145 1323 1177 ut

54 1200 246 1245 externis
293 1216 381 1246 non
429 1213 597 1274 egeat3
644 1199 827 1274 triginta
879 1197 1029 1244 millia
1069 1199 1274 1262 peditum
1303 1235 1322 1256 ,

21 1305 25 1308 .
52 1267 246 1331 quinque
273 1266 422 1314 millia
448 1267 644 1330 equitum
678 1284 691 1313 .·
735 1267 782 1312 in
819 1266 962 1312 decem
987 1283 1136 1312 annos
1168 1266 1196 1314 6
1221 1263 1322 1329 fru-

52 1349 242 1381 mentum
265 1351 549 1399 praeparare,
581 1347 630 1380 ut
660 1333 868 1398 abstinere
896 1332 940 1380 6³
959 1330 1045 1395 fiio
1070 1333 1115 1380 ἐξ»
1127 1334 1326 1408 ‘hostium

50 1419 153 1467 agro
168 1399 481 1466 frumentandi
511 1419 634 1448 caus
636 1421 653 1447 z
642 1400 782 1466 poff
782 1414 812 1447 t
840 1399 947 1449 Jam
965 1418 1209 1466 pecuniam
1227 1416 1325 1449 tan-

51 1482 143 1516 tam
183 1470 336 1517 habere
367 1506 384 1527 ‚
450 1483 499 1516 ut
542 1470 687 1515 decem
720 1468 922 1515 millibus
960 1471 1323 1516 mercenariorum

47 1537 242 1585 militum
261 1574 279 1594 ,
307 1549 464 1602 praeter
486 1538 793 1583 Macedonum
822 1537 981 1601 copias
1003 1574 1020 1594 ‚
1046 1537 1323 1602 stipendium

50 1604 98 1651 in
131 1606 313 1651 totidem
336 1622 484 1651 annos
503 1618 804 1669 praeparatum
837 1604 999 1650 habeat
1021 1622 1034 1651 .·
1056 1619 1216 1668 praeter
1242 1623 1324 1652 an-

49 1688 218 1729 nuum,
258 1674 381 1737 quod
408 1690 464 1719 ex
499 1672 694 1719 metallis
726 1671 857 1737 regiis
891 1673 1080 1736 capiat,
1112 1674 1320 1738 veft'igal.

47 1739 194 1787 Arma
218 1755 249 1800 7
271 1740 346 1787 vel
371 1741 509 1787 tribus
536 1741 681 1786 tantis
705 1739 971 1787 exercitibus
1005 1741 1054 1786 in
1077 1758 1323 1787 armamen-

47 1808 166 1854 taria
187 1804 443 1874 congeffiſje.
482 1805 511 1855 8
544 1806 832 1856 Iuventutem
848 1844 866 1865 ‚
897 1821 947 1854 ut
958 1804 1063 1871 jam
1096 1810 1323 1856 Macedo-

104 1936 647 1993 6Frumentumpraeparare]
715 1937 962 1986 numerosis,
1013 1941 1126 1992 quam
1163 1940 1230 1980 ille
1269 1942 1325 1982 est

43 1995 108 2038 A‘n
138 2012 219 2038 non
253 1999 416 2053 potios,
447 2015 652 2055 praepara-
715 2015 833 2053 quem
859 1999 937 2053 jam
961 2002 1172 2042 colleftum
1200 2003 1325 2044 habet

44 2072 121 2099 tum
143 2060 163 2100 ?
178 2059 328 2114 Supple
345 2076 394 2101 ex
416 2062 650 2116 praeceden-
715 2060 897 2102 Perseus.

43 2121 146 2162 tibus
176 2122 313 2162 habere
340 2136 355 2163 .·
389 2124 651 2175 qnemadmo·
780 2123 801 2162 8
839 2121 1085 2164 Iuventatem
1105 2151 1118 2173 ,
1158 2137 1199 2164 ut
1240 2125 1324 2177 jam

42 2182 132 2222 dum
173 2186 293 2237 paulo
330 2184 430 2224 infra
457 2212 468 2232 ,
494 2185 648 2239 stipen·
711 2183 984 2234 Macedonia]
1006 2185 1163 2225 Etiamfi
1182 2187 1321 2227 Mace-

2 2256 9 2259 ’
43 2243 145 2284 dium
172 2259 431 2300 praeparatum
465 2247 606 2285 habeat
632 2259 645 2286 .·

42 2305 84 2345 &
120 2319 157 2345 c.
197 2319 264 2354 52.
294 2306 460 2347 Perseus
492 2308 573 2361 ipse
591 2307 647 2347 di-

33 2364 96 2406 'cit
118 2364 162 2420 se
191 2368 227 2406 δ’
250 2369 484 2422 pecuniam,
507 2369 648 2421 &fru-

38 2440 256 2469 mentum...
286 2430 326 2469 in
356 2431 483 2470 decem
521 2445 644 2471 annos

35 2486 257 2543 seposuiffe.

99 2565 123 2601 7
143 2550 222 2591 Vel
239 2550 359 2591 tribus
377 2552 525 2604 tantis]
547 2552 644 2593 Tri-

41 2611 113 2651 bus
141 2612 259 2653 etiem
287 2614 530 2654 exercitibus
565 2625 643 2654 tam
692 2658 696 2662 ,

712 2246 832 2286 donia
859 2246 1006 2287 milites
1027 2247 1104 2301 jam
1132 2248 1321 2301 suppedi-

711 2318 798 2347 tare
828 2322 908 2348 non
935 2308 1061 2360 poffet
1078 2340 1089 2360 ,
1108 2309 1322 2349 Thraciam

711 2370 884 2409 vicinam
918 2370 956 2409 ei
990 2371 1031 2411 ὅ(
1066 2372 1114 2410 acl
1164 2385 1319 2411 manum

707 2431 821 2475 effe,
853 2431 989 2478 unde,
1033 2441 1232 2485 tamquam
1268 2446 1321 2474 ex

707 2492 875 2546 perenni
898 2492 1011 2533 fonte
1035 2520 1047 2538 ‚
1073 2493 1230 2534 hauriat
1250 2494 1320 2534 mi·

707 2555 866 2595 litarem
892 2553 1167 2609 juventutem.

923 2690 1049 2743 Liv
