1670 3068
343 107 695 162 LIBER
798 104 1087 161 XLIV.
1233 115 1352 184 415

81 184 154 234 ma*
167 182 288 251 fugi
313 185 495 253 ahjefiis
523 188 660 248 armis
677 183 824 248 sszluti
855 183 1139 247 confitluiffi.
1169 183 1354 232 Roma·
1373 199 1557 248 04:584,

80 254 149 300 nis
183 251 420 318 fugientes
451 253 844 320 persequentibus
877 252 1028 300 facilis
1049 254 1100 300 ὅ(
1131 250 1226 300 fine
1252 253 1351 300 ullo
1369 254 1559 296 a.C·1(>S-

78 321 292 385 periculo
321 323 370 381 in
404 321 544 386 plana
567 318 814 369 descensus
837 319 940 368 fuit.

122 403 195 434 >2.
233 387 537 436 Ho'ffrerum
571 387 689 436 statu
728 387 919 436 Perseus
954 386 1200 451 ambigere
1235 386 1349 451 quid
1398 394 1563 449 Perseus

37 462 39 465 ’
77 452 203 502 ἱειξὶο
230 473 372 520 opus.
423 454 593 520 Quum
630 458 795 521 aperta
825 472 922 518 jam
952 471 1036 520 per
1071 453 1238 502 saltum
1270 455 1348 500 via
1367 458 1523 511 ambigit
1545 485 1557 502 .

78 536 315 570 metueret
348 539 408 571 ne
441 524 767 571 circumiretur
790 541 814 569 a
841 522 1076 570 Romanis
1097 558 1110 580 ‚
1132 521 1347 569 ‘omnino
1366 520 1456 572 quid
1475 517 1547 570 fil*

77 588 264 638 necesse
291 605 421 648 erat,
453 605 504 637 ut
526 604 604 638 aut
635 590 695 637 ad
727 589 949 655 Pydnam
983 589 1215 638 recedens
1253 588 1346 636 ho·
1367 580 1423 618 30
1465 593 1559 633 09³5

10 668 13 675 ’
80 655 198 704 stem
228 658 293 704 ibi
329 657 654 722 exsptharet,
687 656 768 704 sub
805 660 948 705 muris
983 659 1179 704 munitae
1220 639 1429 704 urbisfit·

28 730 30 732 ’
77 726 265 773 minore
298 727 513 790 periculo
542 739 837 784 certaturu53
871 740 950 772 aut
978 726 1131 788 copiis
1165 740 1250 789 per
1270 742 1350 772 ur-

26 790 33 795 ’
61 791 161 839 ‘bes
187 791 492 841 Macedoniae
513 791 728 858 dispersis
746 829 759 850 ‚
790 791 1128 857 conveffisque
1157 795 1203 839 in
1239 793 1349 840 loca

78 861 334 909 munitiora
372 859 583 927 frugibus
621 875 763 924 atque
804 859 1058 924 pecoribus
1084 896 1097 918 ‚
1134 859 1350 924 popula-

78 940 156 975 tos
192 945 328 994 agros
371 929 421 976 &
457 929 638 976 nudum
680 926 801 975 hosti
846 928 1139 993 relinqueret
1177 926 1351 976 solum.

78 993 276 1061 Anceps
310 994 562 1044 flustuabat
594 998 718 1043 inter
745 995 845 1042 haec
868 994 966 1043 duo
998 992 1189 1043 confilia
1222 996 1350 1060 regis

79 1064 283 1112 animus·
328 1063 490 1111 Amici
529 1064 672 1112 tutius
713 1078 908 1128 quoque
943 1062 991 1110 id
1026 1062 1160 1128 quod
1191 1062 1353 1110 hone-

75 1127 184 1178 stius
218 1130 345 1179 foret
374 1133 461 1178 rati
489 1169 504 1191 ‚
549 1130 858 1179 hortabantur
895 1144 946 1178 ut
985 1147 1158 1196 pugnae
1189 1129 1350 1179 casum

79 1199 392 1263 experiretur.
433 1201 554 1247 Eum
585 1200 630 1246 δ’
669 1215 846 1246 numero
879 1199 1081 1264 praestare
1117 1197 1348 1255 militum,

83 1265 127 1313 δ’
159 1267 260 1314 verb
297 1269 429 1313 etiam
463 1268 620 1314 virtuti
653 1268 815 1313 credere
844 1267 989 1312 debere
1008 1303 1025 1323 ‚
1062 1283 1196 1330 quam
1230 1268 1352 1331 inge-

79 1335 223 1381 nitam
258 1336 426 1381 animis
452 1331 688 1396 accenfitra
722 1351 894 1398 quoque
931 1330 1063 1395 effint
1102 1332 1188 1380 illa
1224 1333 1349 1380 vali-

80 1401 250 1465 diffi'ma
283 1401 327 1448 δ’
347 1400 618 1465 fiznc‘lffma
639 1403 766 1466 apud
779 1402 979 1448 homines
1001 1398 1251 1465 adfhrtiter
1261 1418 1351 1465 pu-

78 1470 310 1534 gnandum
353 1470 644 1516 incitamenta
667 1506 686 1526 ,
720 1486 805 1516 arae
827 1506 844 1526 ‚
872 1466 975 1533 fbci
992 1506 1010 1526 ,
1040 1467 1172 1531 fizcra
1194 1505 1208 1526 ‚
1237 1470 1355 1515 inter

82 1554 177 1601 quae
205 1536 250 1584 δ’
271 1546 352 1601 pro
383 1537 544 1601 quibus
572 1538 878 1583 dimicandum
908 1534 1007 1599 effit
1024 1554 1045 1595 ,·
1079 1535 1351 1600 &parentes

81 1621 135 1649 ac
163 1602 372 1669 conjuges
387 1622 407 1662 ,⁴
437 1622 513 1651 rex
543 1605 730 1667 denique
755 1602 845 1669 ipse
863 1603 1114 1668 inspec‘lans
1130 1640 1148 1660 ,
1169 1600 1346 1667 seseque

81 1672 320 1735 itzpattem
342 1669 826 1736 dzstriminis‘offiretzs.
865 1670 954 1718 His
982 1687 1143 1717 motus
1172 1687 1253 1717 rex
1285 1670 1343 1717 ad
1405 1675 1558 1715 Serum}-

79 1754 291 1804 pugnarn
322 1740 417 1786 sese
451 1740 750 1803 comparavit
774 1774 789 1797 ‚
818 1738 870 1786 &
896 1755 1043 1803 quum
1066 1735 1346 1786 retrocessis·
1364 1739 1446 1777 acia
1475 1740 1543 1776 22³<-

79 1805 146 1854 set
179 1805 241 1853 ad
275 1804 497 1870 Pydnam
520 1842 534 1863 ,
568 1805 704 1854 simul
729 1804 874 1853 castra
906 1807 1034 1854 locat
1059 1843 1073 1864 ‚
1108 1804 1245 1853 simul
1275 1807 1348 1852 in-
1368 1814 1538 1840 cernere,

81 1871 211 1939 struit
240 1875 393 1921 aciem
430 1910 447 1932 ‚
501 1871 633 1921 suum
671 1874 845 1939 cuique
889 1873 1141 1921 duffiiorum
1180 1890 1354 1922 munus

79 1940 338 2006 locumque
376 1937 573 2004 affignat
592 1978 606 2000 ,
630 1957 877 2007 tamquam
912 1940 1064 1990 statim
1093 1957 1153 1989 ex
1185 1942 1357 1990 itinere

79 2008 404 2057 dimicaturus,
454 2006 613 2073 Regio
653 2023 754 2057 erat
787 2007 1057 2071 hujusmodi
1099 2026 1110 2055 :
1159 2025 1358 2072 campus

80 2076 376 2140 explicandae
415 2075 639 2142 phalangi
668 2114 683 2136 ‚
731 2079 805 2124 cui
839 2077 1003 2142 aperta
1044 2076 1097 2124 ὃ(
1130 2077 1354 2140 aequabili

78 2144 274 2209 planitie
305 2160 428 2208 opus
451 2140 516 2190 est
532 2180 546 2203 ‚
577 2157 912 2210 opportunu33
941 2161 1041 2192 non
1064 2144 1129 2191 ita
1153 2157 1316 2192 tamen
1336 2181 1354 2204 ,

79 2227 129 2258 ut
160 2210 296 2258 facile
342 2214 621 2276 promoveri
673 2210 824 2276 poffet
860 2228 871 2259 ε
917 2213 1141 2277 perpetui
1179 2211 1357 2260 deinde

80 2278 229 2328 colles
252 2316 266 2338 ‚
297 2280 375 2344 qui
398 2279 494 2325 levi
513 2295 761 2327 armaturae
784 2294 886 2327 tum
910 2278 1181 2345 refugiendi
1206 2316 1220 2337 ‚
1251 2293 1357 2328 tum

83 2345 480 2394 circumcursandi
498 2348 692 2411 copiam
714 2347 998 2412 praeberent.
1017 2349 1204 2394 Amnes
1227 2346 1324 2395 duo
1340 2384 1359 2409 2

80 2413 308 2463 AEsonem
337 2413 534 2462 alterum
553 2451 567 2473 ‚
599 2415 801 2463 alterum
829 2413 1043 2464 Leucum
1067 2416 1240 2462 incolae
1263 2431 1357 2479 ap-

84 2481 264 2545 pellant
283 2519 296 2540 ‚
336 2482 554 2546 quamvis
578 2483 710 2529 tenui
739 2498 838 2529 tum
859 2483 1064 2530 fluerent
1083 2483 1203 2546 aqua
1226 2519 1240 2539 ‚
1271 2482 1356 2529 ali‘-

81 2549 195 2613 quid
231 2562 393 2597 tamen
431 2551 617 2614 negotii
659 2548 887 2598 facessere
939 2550 1175 2597 Romanis
1218 2547 1353 2613 posse

77 2616 386 2667 videbantur.
438 2616 688 2678 AEmilius‚
722 2614 888 2682 junftis
919 2634 1027 2665 cum
1065 2615 1233 2666 Nasica
1260 2635 1355 2666 co·-

967 2684 1081 2733 Siv
