1670 3068
275 101 629 158 LxssER
715 94 1087 155 XXXIX.
1269 114 1346 178 25-

61 201 162 234 vero
182 221 198 241 ,
226 201 280 230 ne
309 183 500 230 nimium
531 177 950 245 ter1·oris1offundam
972 180 1101 225 vobis
1118 215 1135 235 ‚
1158 198 1308 226 vereor
1321 198 1342 238 ,·
1361 186 1552 238 U‚c.5(;?6‘,

64 252 283 317 quicquid
310 251 464 297 dixero
483 285 500 306 ‚
531 250 681 296 minus
729 247 865 311 qua‘m
903 263 984 311 pro
1022 247 1256 292 atrocitate
1299 243 1552 294 &measa

62 320 371 385 magnitudine
403 318 462 364 rei
497 317 660 363 dicium
679 312 841 377 scitote
873 310 953 375 effe
977 331 990 361 .·
1017 326 1068 360 ut
1099 314 1164 359 ad
1183 330 1345 360 caven-

63 388 168 434 dum
179 383 298 448 stitis
313 385 406 448 fit,
433 384 613 431 dabitur
633 400 763 448 opera
793 399 822 428 a
844 383 991 429 nobis.
1017 380 1343 429 Bacchanalia

63 454 160 501 totci
174 451 272 517 jam
289 453 462 517 pridem
486 451 632 499 Italia
649 489 665 508 ,
687 449 731 497 δ’
772 467 893 497 nunc
926 466 1009 514 per
1031 447 1174 495 urbem
1207 450 1341 494 etiam

63 521 219 570 multis
240 520 366 567 locis*
375 517 455 581 effe
471 557 488 577 ,
507 537 595 566 non
606 517 742 584 filma*
762 517 892 565 modo
912 511 1123 581 accepist}
1141 533 1226 562 vos
1239 513 1348 577 ‚sea'

64 589 304 654 crepitibus
325 589 460 634 etiam
498 584 830 649 ululatibusque
854 585 1080 631 nocturnis
1099 620 1116 641 ,
1146 585 1224 647 qui
1250 600 1345 647 per-

53 654 225 719 sonant
244 656 342 702 tota⁴
359 655 458 701 urbe
475 690 491 711 ,
522 668 682 700 certum
718 653 856 699 habeo
885 670 905 710 ,·
938 650 1121 697 ceterum
1136 687 1154 708 ,
1177 667 1272 714 quae
1291 668 1342 696 ea

64 742 130 771 res
148 724 243 787 stt,
273 724 469 789 ignorare
496 739 510 768 .-
541 721 662 767 alios
693 721 869 766 deorum
901 719 1097 782 alisuem
1131 718 1299 764 cultum
1322 756 1340 776 ,

64 791 186 839 alios
225 785 466 850 conceffitm
504 788 660 835 ludum
684 787 729 834 6³
759 784 997 849 lasciviam
1028 782 1108 847 effe
1140 787 1302 831 credere
1319 804 1342 844 ,-

65 859 111 907 6³
141 850 457 924 qualecumque
487 856 588 918 sit,
628 856 695 901 acl
720 871 899 919 paucos
931 856 1160 919 pertinere.
1203 854 1346 916 Quod

64 927 129 972 ad
154 925 496 973 multidudirzem
535 941 679 970 eorum
715 924 908 979 attinet,
938 922 985 981 si
1008 924 1163 969 dixero
1199 921 1345 968 multa

63 992 213 1041 millia
245 993 473 1039 bominum
494 988 573 1052 effe
591 1029 607 1048 ‚
635 990 760 1037 illico
794 985 956 1051 neceffe
986 991 1042 1055 est
1064 990 1342 1036 exterreami-

63 1062 148 1117 ni,
180 1059 270 1123 nist
292 1057 576 1124 adjunxero,
614 1060 691 1123 qui
734 1056 970 1122 qualesque
995 1058 1106 1120 sint.
1138 1057 1345 1104 Primum

61 1129 203 1194 igitur
226 1127 458 1174 mulierum
488 1144 652 1192 magna
683 1143 794 1190 pars
827 1127 913 1191 est,
951 1124 995 1172 δ’
1034 1128 1075 1173 is
1095 1122 1210 1189 forts
1229 1124 1345 1172 mali

63 1193 242 1260 hujusse
263 1192 364 1259 ficit
383 1213 396 1242 .·
417 1193 813 1257 deindestmillimi
831 1191 1023 1257 ftmirzis
1054 1210 1227 1250 mares,
1247 1194 1344 1258 stu-

55 1265 182 1328 prati
213 1262 258 1310 6·
295 1263 676 1328 constupratores,
711 1276 741 1324 9
769 1257 976 1325 fiznatici
1010 1260 1173 1326 vigiles
1206 1278 1227 1319 ,-
1269 1261 1345 1307 vi-

63 1348 121 1377 no
139 1367 155 1388 ,
228 1331 470 1396 repitibus,
500 1326 849 1393 clamoribusque
875 1330 1104 1376 noffurrzis
1140 1329 1343 1376 attoniti.

63 1398 168 1446 Nul
187 1416 239 1444 as
292 1399 440 1445 adhuc
480 1401 597 1446 vires
647 1395 898 1462 conjuratio
920 1434 937 1454 ,
966 1395 1151 1443 ceterum
1204 1397 1345 1442 incre-

66 1479 258 1513 mentum
287 1467 442 1532 ingens
473 1467 639 1514 virium
659 1466 790 1512 babet
809 1502 825 1522 ,
851 1465 974 1528 quod
1004 1466 1051 1511 in
1073 1465 1170 1510 dies
1190 1462 1348 1529 plures

55 1533 194 1597 fiunt.
225 1532 430 1598 Majores
446 1536 573 1600 vestri
589 1571 607 1591 ,
631 1552 684 1579 ne
714 1550 798 1580 vos
821 1534 997 1597 quidem
1013 1570 1030 1590 ‚
1053 1531 1142 1594 nist
1164 1546 1184 1576 1
1212 1550 1351 1596 quum

126 1651 152 1690 9
185 1638 370 1679 Fanatici
398 1639 568 1695 vigiles]
600 1639 673 1678 Le·
739 1638 885 1693 signata
939 1665 949 1684 ,
1030 1638 1351 1678 conveniebant.

66 1700 220 1757 gImus‚
246 1699 423 1754 fanatici
445 1728 456 1748 ,
489 1700 636 1755 vigiliis
659 1727 670 1746 ‚

65 1762 209 1803 vino...
255 1762 435 1802 attoniti.
463 1761 674 1802 Attonitos

65 1834 199 1865 autem
235 1837 397 1878 expone
430 1823 480 1863 de
522 1821 673 1877 posses-

65 1884 176 1926 fione
213 1886 357 1925 mentis
400 1885 634 1925 deturbatos
659 1912 671 1932 ,

63 1957 262 2002 tamquam
290 1947 480 2002 propiore
507 1947 671 1987 fulmine

64 2008 249 2050 adflatos.

132 2083 150 2110 1
199 2070 377 2128 Quum...
425 2069 579 2110 vexillo
632 2069 672 2109 in

66 2145 155 2172 arce
177 2132 302 2186 posito
320 2131 561 2172 comitiorum
585 2146 672 2170 cau·

67 2194 112 2232 sd
145 2194 335 2233 exercitus
367 2193 517 2233 edatius
546 2191 668 2247 effet]

67 2253 365 2295 Describuntur
396 2256 557 2295 comitia
577 2269 673 2294 cen·

68 2315 230 2356 tutiata.
276 2317 322 2357 ln
367 2316 412 2356 iis
464 2316 673 2357 dicebatur

68 2378 262 2417 exercitus
307 2377 492 2431 imperari
524 2409 535 2428 ,
583 2378 673 2432 quia

67 2437 137 2481 sub
167 2437 280 2494 fignis
299 2470 311 2490 ‚
340 2440 381 2480 ὃ(
401 2439 444 2479 iis
468 2440 584 2480 armis
609 2440 673 2478 in-

68 2499 197 2540 struffi
218 2529 231 2546 ‚
260 2515 346 2554 quae
385 2502 527 2554 cuique
569 2500 673 2542 clasii

69 2572 182 2602 erant
202 2575 270 2614 per
290 2562 472 2601 Servium
499 2562 673 2602 Tullium

69 2623 271 2665 auPcox-em
309 2625 579 2666 centuriarum
615 2625 674 2666 as-

148 2685 272 2734 Tom.
309 2685 398 2736 VI.

738 1700 908 1739 Educ‘hs
937 1699 1084 1739 dicitur
1111 1700 1315 1740 exercitus
1333 1728 1349 1744 ,

738 1762 826 1816 quia
861 1771 972 1801 extra
1000 1763 1138 1801 urbem
1170 1761 1208 1801 in
1229 1760 1352 1800 Cam-

737 1838 790 1877 po
823 1823 978 1863 Martio
998 1823 1062 1863 illa
1093 1823 1253 1863 comitia
1275 1823 1352 1862 ha·-

737 1886 951 1928 bebantur.
987 1883 1113 1936 Quod
1142 1884 1191 1925 ad
1221 1885 1351 1925 vexil-

735 1947 818 1987 lum
847 1947 1019 1995 attinet,
1051 1961 1136 1987 rem
1158 1946 1237 1987 hoc
1260 1960 1350 1987 mo-

737 2009 789 2049 do
845 2008 1012 2062 exponit
1056 2009 1158 2048 Dio.
1218 2007 1348 2066 Quum

736 2069 830 2111 olim
850 2068 987 2125 affiduz'
1021 2085 1043 2108 a
1066 2069 1251 2125 finitimis
1267 2084 1348 2124 po-

731 2131 839 2187 pulis
870 2145 1038 2171 terrores
1069 2132 1233 2171 Romam
1267 2136 1349 2171 cin·-

738 2193 967 2243 cumstarent
988 2221 998 2240 ,
1029 2193 1145 2234 veriti
1173 2192 1349 2232 Romani

736 2270 814 2303 ne,
846 2256 931 2294 dum
965 2253 1038 2309 ipsi
1073 2254 1232 2295 comitia
1254 2268 1348 2294 cen·

736 2321 884 2357 turiata
912 2316 1123 2362 baberent,
1155 2315 1278 2366 hostes
1297 2330 1347 2356 ex

737 2375 947 2433 improviso
976 2377 1103 2417 urbem
1141 2377 1348 2417 adoriren-

736 2452 801 2480 tur
819 2468 829 2487 ,
852 2438 1147 2493 Ianiculumque
1178 2453 1348 2493 occupa-

736 2514 846 2548 rent,
868 2501 1091 2551 statuerunt
1117 2515 1195 2540 non
1214 2514 1347 2540 omnes

728 2563 845 2616 fimul
874 2563 930 2603 ire
956 2562 994 2601 in
1020 2558 1214 2618 suff-agia
1239 2574 1251 2601 .-
1273 2558 1349 2615 sed

737 2625 795 2666 ita
833 2639 912 2668 rem
947 2623 1053 2666 inter
1083 2621 1126 2678 se
1156 2624 1304 2680 partiri
1331 2650 1350 2674 ,

1037 2680 1077 2732 B
