1670 3068
299 93 659 149 L1BER
758 92 1052 150 XLIV.
1189 109 1301 167 405

0 169 69 240 :31⁸1
101 169 262 219 claufis
293 173 443 237 portis
473 190 634 221 muros
666 168 1012 237 portarumque
1040 188 1191 221 turres
1225 175 1357 239 dis-2³.
1380 199 1514 240 ως..

0 238 197 310 (Positis
221 243 412 288 armatis
437 239 791 299 defendissent,
832 257 959 288 vano
986 257 1091 287 cnm
1118 243 1517 306 inceptoassscss.

39 308 277 355 moenibus
322 307 606 373 pepulissent
643 307 895 356 Romanos
933 325 947 366 3
998 324 1124 355 nunc
1171 311 1313 373 porta

13 369 206 440 ‘egreffi
231 376 444 440 praelium
466 376 578 424 loco
600 394 740 442 aequo
775 374 958 438 majore
987 379 1147 423 animo
1170 393 1318 423 com-

5 446 19 490 ,’
40 440 292 501 miserunt,
319 442 462 509 quiin]
479 442 810 492 sustinuerunt.
836 442 955 491 Pulfi
979 446 1107 491 enim
1131 443 1181 491 &
1204 442 1317 508 fug&⁴

43 510 324 575 conglobati
351 549 363 570 ,
395 528 542 576 quum
565 512 756 559 ducenti
782 513 983 577 amplius
1005 514 1051 558 in
1075 510 1182 576 ipsis
1205 511 1319 558 fau-

16 580 21 638 J
43 576 172 624 cibus
197 593 344 643 portae
368 577 643 628 cecidissent
668 616 682 638 ‚
718 594 902 627 tantum
935 580 1195 627 intulerunt
1217 593 1319 626 ter-

43 662 203 692 rorem
244 683 257 705 ‚
310 663 361 693 ut
407 663 625 694 oratores
671 647 921 712 extemplo
964 648 1022 694 ad
1061 663 1320 712 praetorem

43 715 253 761 mitteret
281 712 487 762 Gentius
517 713 777 762 Teuticum
803 715 853 762 ἃ
876 712 1100 772 Bellum,
1135 716 1321 780 princi.»

15 816 19 820 ,
43 797 129 846 pes
152 783 308 846 gentis
334 819 347 841 ,
386 799 473 847 per
493 800 614 848 quos
638 781 848 829 inducias
868 796 1090 845 peteret,
1125 799 1175 830 ut
1199 783 1322 830 deli-

37 849 212 896 berare
240 849 300 897 de
323 849 441 897 statu
468 867 626 897 rerum
656 849 840 897 suarum
864 848 1032 913 posset.
1062 847 1250 897 Triduo
1272 851 1321 898 in

45 916 139 963 hoc
173 917 286 965 dato
322 955 336 975 ‚
380 935 528 983 quum
572 915 716 965 castra
767 916 990 965 Romana
1029 918 1321 984 quingentos

47 983 200 1032 ferme
240 984 391 1050 passus
429 986 488 1032 ab
533 987 649 1033 urbe
688 984 899 1033 abessent
925 1022 941 1042 ‚
979 1003 1155 1033 navem
1200 1003 1320 1033 con-

46 1050 227 1100 scendit
253 1091 265 1112 ‚
307 1053 357 1101 &
382 1054 578 1102 flumine
608 1052 825 1101 Barbanil
854 1055 1050 1118 navigat
1085 1055 1131 1100 in
1163 1053 1323 1101 lacum

25 1117 308 1169 -L‘abeatum
338 1158 352 1179 ‚
397 1122 531 1169 velut
567 1121 804 1170 secretum
844 1121 1006 1168 locum
1055 1135 1224 1186 petens
1260 1121 1322 1169 ad

27 1185 405 1242 consultandum
431 1226 444 1249 ‚
477 1188 558 1237 sed
580 1226 594 1249 ‚
628 1203 678 1237 ut
700 1189 948 1253 apparuit,
980 1186 1099 1235 fals&
1128 1187 1210 1253 spe
1241 1205 1325 1237 ex-

43 1257 161 1303 citus
192 1293 206 1316 ‚
239 1254 583 1304 Caravantium
610 1255 807 1305 fratrem
844 1293 875 1316 ,A
910 1256 1072 1303 multis
1115 1256 1323 1304 millibus

48 1340 340 1373 armatorum
380 1324 555 1373 coaGlis
596 1342 628 1385 4
663 1341 722 1373 ex
755 1341 812 1372 ea
851 1326 1052 1389 regione
1092 1325 1141 1371 in
1177 1342 1323 1390 quam

50 1389 205 1439 missus
238 1406 338 1441 erat
359 1430 373 1451 ‚
405 1393 667 1441 adventare
690 1410 704 1452 3
737 1393 816 1455 qui
850 1391 1101 1457 postquam
1125 1395 1323 1440 evanuit
1346 1426 1347 1430 ,

49 1476 212 1508 rumor
230 1497 245 1518 ‚
275 1462 419 1509 tertio
443 1459 547 1526 post
570 1461 644 1509 die
663 1477 839 1508 navem
858 1460 1084 1508 eamdem
1112 1459 1325 1509 secundo

16 1546 24 1552 ·
50 1530 179 1575 amni
208 1526 442 1576 Scodram
475 1528 659 1577 demisit
691 1545 701 1575 ε
738 1525 1072 1593 praemiffisque
1108 1529 1284 1576 nuntiis
1312 1564 1327 1588 ,

23 1602 34 1614 ·’
53 1610 104 1642 ut
131 1593 214 1642 fibi
246 1596 520 1661 appellandi
557 1598 773 1661 praetoris
799 1594 1008 1661 potestas
1031 1594 1170 1644 fieret
1194 1633 1209 1656 ‚
1242 1613 1328 1644 co-

11 1685 14 1688 ·
57 1661 139 1728 pia
172 1662 294 1712 faci&
320 1701 333 1723 ,
379 1667 426 1711 in
459 1662 603 1712 castra
631 1665 783 1713 venit.
814 1662 875 1711 Et
906 1665 1197 1729 principium
1220 1681 1330 1713 ora·
1374 1670 1538 1715 Gentius

58 1731 201 1778 tionis
235 1732 293 1779 ab
329 1730 633 1780 accusatione
666 1731 868 1779 stultitiae
901 1731 1031 1779 orsus
1069 1731 1195 1790 suae,
1231 1733 1380 1796 po-se
1403 1736 1524 1780 dedit.

32 1854 36 1858 ¹
60 1795 236 1846 stremo
265 1799 324 1847 ad
347 1816 514 1864 preces
537 1798 869 1864 lacrymasque
889 1797 1059 1847 effusus
1081 1834 1096 1860 ,
1129 1800 1332 1865 genibus

62 1867 277 1931 praetoris
314 1868 536 1916 accidens
569 1905 583 1924 .,
632 1870 679 1914 in
719 1865 1007 1933 potestatem
1044 1865 1140 1916 'sese
1179 1866 1334 1916 dedit.

14 1931 225 1998 “Primo
245 1972 261 1995 ‚
293 1935 478 1983 bonum
508 1937 717 1984 animum
745 1935 919 1983 habere
938 1933 1112 1997 justus,
1139 1933 1199 1983 ad
1233 1953 1337 1983 coe-

27 1998 39 2001 *
66 2018 177 2050 nam
208 2004 351 2051 etiam
383 2004 606 2052 invitatus
628 2041 642 2062 ‚
673 2005 721 2050 in
742 2003 912 2052 urbem
945 2003 1005 2050 ad
1034 2001 1141 2051 suos
1162 2003 1305 2067 regliit
1327 2040 1342 2062 ,

70 2069 122 2118 &
147 2086 256 2117 cum
283 2086 487 2134 praetore
519 2088 580 2119 eo
606 2071 681 2119 die
707 2069 972 2118 honorifice
997 2068 1062 2118 est
1087 2070 1306 2136 epulatus
1330 2088 1346 2130 ;

68 2136 246 2186 deinde
281 2141 328 2186 in
359 2138 621 2187 custodiam
652 2137 713 2187 C.
738 2136 900 2188 Caffio
921 2139 1111 2187 tribuno
1139 2139 1346 2188 militum

44 2314 50 2321 ι
133 2274 161 2309 4
183 2262 249 2302 Ex
267 2277 311 2302 ea
328 2261 484 2318 regione
503 2263 542 2302 in
570 2278 679 2317 quarn
743 2262 857 2319 regio
877 2290 887 2310 ,
921 2263 962 2303 in
997 2275 1114 2317 quam
1147 2260 1350 2303 Caravan-

77 2322 204 2376 miffus
232 2325 343 2377 erat]
377 2325 477 2365 Haec
508 2337 588 2364 nen
624 2325 678 2364 vi·
743 2326 825 2364 tius
847 2352 857 2372 ‚
891 2338 909 2363 a
940 2323 1077 2365 Caviis
1110 2326 1178 2363 vel
1213 2338 1348 2364 rever-

77 2385 221 2425 dentur
246 2386 504 2439 intelligenda
533 2385 609 2425 effe
631 2387 680 2425 cle
744 2387 804 2426 sus
827 2413 837 2432 ‚
877 2387 943 2424 vel
979 2395 1197 2426 revocatus
1216 2417 1225 2434 ,
1264 2384 1351 2424 mis·

79 2446 337 2498 expeditione
378 2447 608 2486 Caravantii
643 2448 681 2486 in
746 2448 806 2488 sus
826 2446 922 2487 ess’et
953 2461 974 2485 a
1004 2447 1125 2486 fratre
1152 2458 1194 2486 ut
1215 2446 1352 2499 copias

82 2505 264 2555 Cavios,'
299 2509 347 2548 de
377 2522 451 2562 qua
485 2522 522 2549 c.
559 2522 682 2562 praec.
748 2509 1024 2549 contraheret.
1088 2507 1132 2547 ld
1190 2507 1351 2547 fortasse

81 2568 164 2621 egit
180 2569 332 2610 Livius.
351 2569 594 2623 Designatur
611 2584 684 2623 po·
749 2568 891 2610 claritis
906 2579 1199 2609 memoraverat
1217 2568 1354 2610 Livius

81 2628 158 2672 titis
208 2631 334 2673 amica
377 2632 507 2686 aliqua
544 2631 687 2674 Gentii
749 2631 788 2673 in
810 2630 855 2672 iis
883 2644 969 2685 quae
993 2630 1304 2673 interciderunt.
