1670 3068
261 98 619 154 LIBER
717 93 1082 153 XXXIX.
1257 112 1332 172 37

54 173 234 238 lerant,
272 177 462 244 Philipp
468 195 497 226 o
547 175 790 242 permisit,
825 188 876 223 ut
923 175 1225 224 Athamaniae
1281 178 1541 236 &ll-0567·

54 244 381 309 Amynandro
418 246 599 293 bellum
635 243 780 292 infert
786 258 874 292 et·
864 281 878 303 ,
918 243 970 290 ὃ(
1004 244 1180 300 urbes,
1218 262 1363 308 quas
1353 244 1444 287 ⁴1.(L-
1451 243 1542 291 1354

56 310 290 362 Thessalis
331 313 478 363 AEtoli
523 313 804 361 ademerant
835 349 849 371 ‚
891 327 1044 377 regno
1087 280 1335 374 adjiceret.

55 379 202 429 Haud
223 398 402 448 magno
425 383 686 429 certamine
707 380 758 429 ὃ(
781 377 1158 444 Amynandrum
1180 377 1337 426 Atha-

57 449 218 497 mania
249 449 531 514 expulerat,
566 450 617 497 &
664 449 806 496 urbes
849 448 1031 512 aliquot
1068 460 1337 511 receperat.

57 514 430 566 Demetriadem
462 533 657 583 quoque
692 517 859 563 urbem
897 515 1144 573 validam,
1188 515 1239 562 ἃ
1273 513 1336 561 ad

58 587 222 632 omnia
245 601 603 659 opportunam,
630 585 679 631 &
710 583 999 649 Magnetum
1020 597 1216 648 gentem
1242 581 1336 629 suae

58 652 252 702 ditionis
285 653 436 711 fecit;
455 653 566 700 inde
600 651 688 699 &
679 668 726 698 rn
752 649 958 698 Thracia
992 650 1217 715 quasdam
1255 667 1336 697 ur-

55 719 175 779 bes,
207 738 347 769 novae
371 735 514 785 atque
544 718 736 767 insuetae
761 719 988 766 libertatis
1019 719 1172 776 vitio,
1204 717 1337 766 sedi-

56 789 269 836 tionibus
318 789 583 865 principum
636 787 846 834 turbatas
884 823 898 846 ‚
948 786 1161 850 partibus
1229 803 1340 851 quae

62 854 325 905 domestico
362 856 621 904 certamine
667 856 976 903 vincerentur
1020 851 1337 920 adjungendo

59 922 144 980 se,
174 924 319 988 cepit.

126 989 319 1041 XXlV.
351 989 442 1040 His
475 989 677 1039 sedata
668 1008 714 1038 m
747 989 994 1056 praesentia
1027 991 1152 1057 regis
1184 990 1251 1038 ira
1286 990 1333 1037 in
1419 989 1541 1032 Vires

57 1056 309 1108 Romanos
335 1057 433 1107 est·
424 1076 724 1125 ‚numquam
741 1075 901 1107 tamen
923 1057 1096 1106 remifit
1121 1060 1333 1106 animum
1357 1052 1512 1096 colmie

57 1144 85 1175 a
125 1126 456 1193 colligendis
446 1146 493 1174 m
537 1144 655 1191 pace
683 1127 900 1186 viribus,
936 1127 1104 1192 quibus
1126 1164 1140 1186 ‚
1173 1142 1333 1193 quan-
1355 1117 1428 1157 Ph
1421 1115 1516 1168 ΖΙΡ·

57 1194 333 1261 documque
354 1195 465 1243 data
492 1193 687 1244 fortuna
705 1193 854 1254 esset,
875 1194 935 1242 ad
962 1195 1144 1243 bellum
1174 1208 1336 1243 utere·
1353 1196 1442 1236 ΡΜ
1409 1195 1442 1220 ⁵·

57 1278 150 1313 tur.
186 1261 451 1330 Ve&icalia
481 1265 647 1331 regni,
691 1280 718 1311 2
759 1280 858 1312 non
893 1262 1117 1311 fruciibus
1152 1264 1343 1311 tantum

57 1348 284 1398 agrorum
329 1304 667 1410 &portoriisque
730 1332 979 1379 maritimis
1040 1332 1170 1379 auxit
1205 1348 1215 1378 :
1258 1330 1344 1379 sed

63 1414 87 1465 3
128 1400 318 1448 metalla
351 1401 495 1449 etiam
532 1400 583 1448 &
615 1413 784 1448 vetera
812 1397 1068 1448 intermissa
1097 1399 1334 1458 recoluit,

61 1467 111 1516 &
131 1486 259 1517 nova
281 1468 439 1516 multis
460 1468 579 1516 locis
610 1466 821 1516 instituit.
847 1467 918 1516 Ut
945 1484 1064 1515 vero
1095 1468 1343 1532 antiquam

61 1535 421 1584 multitudinem
466 1536 719 1584 hominum
745 1574 759 1598 ‚
803 1552 910 1601 quae
958 1534 1073 1583 belli
1129 1534 1349 1584 cladibus

60 1602 221 1651 amiffa
251 1618 353 1652 erat
373 1641 387 1663 ,
421 1601 690 1652 restitueret
722 1620 736 1660 3
776 1620 877 1651 non
905 1602 1127 1652 sobolem
1154 1604 1344 1651 tantum

61 1669 214 1737 stirpis
255 1672 485 1737 parabat,
528 1671 760 1738 cogendis
809 1672 1035 1719 omnibus
1083 1687 1347 1736 procreare

63 1755 207 1805 atque
228 1739 434 1788 educare
464 1739 677 1799 liberos,
702 1738 782 1787 sed
802 1738 1049 1787 Thracum
1075 1741 1222 1787 eriam
1243 1756 1347 1787 ma-

64 1823 208 1874 gnam
233 1806 592 1856 multitudinem
627 1809 676 1855 in
716 1807 1068 1856 Macedoniam
1111 1807 1348 1855 traduxe-

63 1890 170 1924 rat.
197 1874 476 1943 quietusque
507 1876 795 1954 aliquamdiu
828 1894 853 1923 a
879 1876 1017 1924 bellis
1063 1876 1199 1924 omni
1233 1892 1346 1924 cura

62 1945 111 1992 in
148 1943 390 2010 augendas
428 1944 565 2010 regni
609 1960 730 2009 opes
775 1945 986 1992 intentus
1031 1941 1202 1992 fuerat.
1242 1943 1347 1992 Re-

63 2012 194 2060 diere
225 2012 398 2060 deinde
428 2011 607 2069 causae,
634 2029 738 2076 quae
764 2012 824 2061 de
857 2013 1052 2077 integro
1082 2012 1201 2059 iram
1232 2028 1346 2060 mo-

60 2094 233 2130 vetent
263 2081 310 2127 in
335 2078 608 2128 Romanos.
626 2078 964 2129 Thessalorum
985 2078 1344 2129 &Perrhaebo-
1405 2080 1483 2122 Th
1466 2079 1561 2135 effa·

64 2165 170 2196 rum
205 2148 412 2213 querelae
451 2147 526 2196 de
547 2148 744 2197 urbibus
779 2147 867 2196 suis
903 2149 962 2195 ab
999 2164 1060 2196 eo
1095 2146 1345 2213 possessis,
1363 2144 1488 2185 lorum
1517 2143 1565 2183 &r

65 2215 117 2265 &
151 2215 420 2281 legatorum
451 2215 682 2264 Eumenis
713 2217 843 2283 regis
865 2216 924 2265 de
952 2166 1170 2265 Thracpiis
1198 2217 1341 2282 oppi·
1327 2185 1535 2245 aliorum

65 2282 137 2331 dis
175 2300 261 2348 per
297 2285 395 2334 vim
433 2286 710 2350 occupatis,
747 2283 1096 2349 traduciaque'
1086 2302 1138 2331 m
1166 2284 1344 2332 Mace·-
1364 2266 1534 2322 querela

65 2350 263 2400 doniam
293 2352 634 2414 multitudine,
663 2354 728 2402 ita
761 2353 933 2402 auditae
970 2365 1139 2413 erant,
1177 2366 1227 2399 ut
1265 2369 1347 2401 eas
1366 2326 1529 2448 ῗᾷἔέ

128 2468 154 2496 2
190 2455 285 2495 Non
313 2454 534 2510 fruffibffi]
577 2457 676 2497 Non
737 2469 867 2496 novos
895 2455 964 2498 fibi
985 2456 1138 2498 reditus
1156 2454 1317 2495 instituit
1335 2483 1350 2503 ,

67 2515 189 2558 solum
204 2519 242 2557 in
262 2531 311 2557 eo
332 2518 438 2571 quod
462 2517 607 2571 spectat
626 2518 677 2558 ad
737 2518 803 2558 vel
833 2517 1014 2572 pristinos
1043 2515 1318 2570 amplificavit.

66 2578 217 2619 fructus
245 2592 430 2632 agrorum
460 2579 500 2620 ὅ(
530 2591 676 2633 porto-
803 2590 822 2630 3
849 2578 1057 2634 Metalla]
1084 2579 1356 2620 Metallorum

68 2640 123 2681 ria
139 2640 327 2683 maritima
343 2673 356 2694 ,
383 2655 432 2682 ex
450 2641 592 2696 quibus
609 2642 676 2683 vel
740 2640 918 2684 fodinas·
